[{"id": "102906", "label": "Bovetemini Jordgubb", "self": "https://api.matsmart.se/api/v1.0/product-displays/102906", "brand": null, "brand_name": "", "categories": [], "created": "1523462401", "exclude_from_list": null, "product_info": null, "market": "SE", "products": [{"id": "33076", "label": "Bovetemini Jordgubb", "self": "https://api.matsmart.se/api/v1.0/products/33076", "best_before": null, "product_contents": [], "sku": "MS102135", "gtin": "73050020131592", "images": [], "max_purchase": "", "prices": {"price": {"amount": "2900", "currency_code": "SEK", "data": {"components": []}}, "old_price": {"amount": "4900", "currency_code": "SEK", "data": {"components": []}}}, "size": null, "status": "1", "stock": 0, "vat_rate": "se_intermediate", "volume": null, "weight": {"weight": "0.00000", "unit": "g"}, "product_category": null, "suppliers": [], "seasonal_themes": []}], "published": "0", "status": "0", "sticky": "0", "tags": []}, {"id": "105856", "label": "Kaffekapslar \"Latte macchiato Unsweetened\" 16-pack", "self": "https://api.matsmart.se/api/v1.0/product-displays/105856", "brand": "1239", "brand_name": "nescafe", "categories": [], "created": "1525104001", "exclude_from_list": null, "product_info": "16 stycken kapslar f\u00f6r Dolce Gusto-maskinerna. H\u00e4r, en os\u00f6tad variant av en latte macchiato. F\u00f6rpackningen inneh\u00e5ller 8 kaffekapslar och 8 mj\u00f6lkkapslar. Ger totalt 8 koppar f\u00e4rdigt kaffe.", "market": "SE", "products": [{"id": "33991", "label": "DOLCE GUSTO LATTE MACCHIATO UNSWEET", "self": "https://api.matsmart.se/api/v1.0/products/33991", "best_before": null, "product_contents": [{"id": "144201", "self": "https://cdn3.matsmart.se/sites/se/files/product_contents/dolce_gusto_latte_macchiato_unsweet_innehall.png", "filemime": "image/png", "filesize": "513607", "width": "637", "height": "597", "styles": ""}], "sku": "MS102320", "gtin": "7613031615704", "images": [{"id": "144196", "self": "https://cdn2.matsmart.se/sites/se/files/products/dolce_gusto_latte_macchiato_unsweet.jpg", "filemime": "image/jpeg", "filesize": "397888", "width": "800", "height": "800", "styles": {"product_full": "https://cdn2.matsmart.se/sites/se/files/styles/product_full/public/products/dolce_gusto_latte_macchiato_unsweet.jpg?itok=8dVh2FRA", "product_full_2x": "https://cdn2.matsmart.se/sites/se/files/styles/product_full_2x/public/products/dolce_gusto_latte_macchiato_unsweet.jpg?itok=eg9_xGOQ", "product_teaser": "https://cdn2.matsmart.se/sites/se/files/styles/product_teaser/public/products/dolce_gusto_latte_macchiato_unsweet.jpg?itok=Pa3V83hv", "product_teaser_2x": "https://cdn2.matsmart.se/sites/se/files/styles/product_teaser_2x/public/products/dolce_gusto_latte_macchiato_unsweet.jpg?itok=2xs_MR0C", "product_zoom": "https://cdn2.matsmart.se/sites/se/files/styles/product_zoom/public/products/dolce_gusto_latte_macchiato_unsweet.jpg?itok=udUGVW-u"}}], "max_purchase": "", "prices": {"comparison_price": "1,81 kr/st", "price": {"amount": "2900", "currency_code": "SEK", "data": {"components": []}}, "old_price": {"amount": "5190", "currency_code": "SEK", "data": {"components": []}}}, "size": "16st", "status": "1", "stock": 0, "vat_rate": "se_intermediate", "volume": {"length": "12.50000", "width": "12.50000", "height": "12.50000", "unit": "cm"}, "weight": {"weight": "252.00000", "unit": "g"}, "product_category": null, "suppliers": [], "seasonal_themes": []}], "published": "0", "status": "0", "sticky": "0", "tags": []}, {"id": "106526", "label": "Bar Chia, Fr\u00f6n & Gojib\u00e4r 45g", "self": "https://api.matsmart.se/api/v1.0/product-displays/106526", "brand": "4531", "brand_name": "Smiling", "categories": [], "created": "1534929333", "exclude_from_list": null, "product_info": "Ekologisk bar baserad p\u00e5 n\u00f6tter, fr\u00f6n och gojib\u00e4r! H\u00e4r med smak av lakrits.", "market": "SE", "products": [{"id": "34176", "label": "Smi CHIA F\u00c4NK\u00c5LSFR\u00d6 GOJIB\u00c4R BAR 45g EKO", "self": "https://api.matsmart.se/api/v1.0/products/34176", "best_before": "1540418400", "product_contents": [{"id": "135171", "self": "https://cdn1.matsmart.se/sites/se/files/product_contents/smiling_chiabar_innehall.jpg", "filemime": "image/jpeg", "filesize": "433155", "width": "800", "height": "800", "styles": ""}], "sku": "MS102357", "gtin": "7350071470411", "images": [{"id": "135166", "self": "https://cdn4.matsmart.se/sites/se/files/products/smiling_chiabar.jpg", "filemime": "image/jpeg", "filesize": "214949", "width": "800", "height": "800", "styles": {"product_full": "https://cdn4.matsmart.se/sites/se/files/styles/product_full/public/products/smiling_chiabar.jpg?itok=MlfpphdT", "product_full_2x": "https://cdn4.matsmart.se/sites/se/files/styles/product_full_2x/public/products/smiling_chiabar.jpg?itok=JSFYJrmg", "product_teaser": "https://cdn4.matsmart.se/sites/se/files/styles/product_teaser/public/products/smiling_chiabar.jpg?itok=17-Knf4L", "product_teaser_2x": "https://cdn4.matsmart.se/sites/se/files/styles/product_teaser_2x/public/products/smiling_chiabar.jpg?itok=80UcQ5Z7", "product_zoom": "https://cdn4.matsmart.se/sites/se/files/styles/product_zoom/public/products/smiling_chiabar.jpg?itok=UZOhKJAN"}}], "max_purchase": "", "prices": {"comparison_price": "311,11 kr/kg", "price": {"amount": "1000", "currency_code": "SEK", "data": {"components": []}}, "old_price": {"amount": "1400", "currency_code": "SEK", "data": {"components": []}}}, "size": "45g", "status": "1", "stock": 0, "vat_rate": "se_intermediate", "volume": {"length": "14.00000", "width": "5.00000", "height": "1.50000", "unit": "cm"}, "weight": {"weight": "48.00000", "unit": "g"}, "product_category": "20531", "suppliers": [], "seasonal_themes": []}], "published": "0", "status": "0", "sticky": "0", "tags": ["679"]}, {"id": "107416", "label": "Kex \"Chia Crackers\" 160g", "self": "https://api.matsmart.se/api/v1.0/product-displays/107416", "brand": "730", "brand_name": "Semper", "categories": [], "created": "1535014547", "exclude_from_list": null, "product_info": "Salta kex med chiafr\u00f6n, goda som dem \u00e4r och perfekta till ostbrickan! Glutenfria samt laktosfria.", "market": "SE", "products": [{"id": "34461", "label": "CHIA CRACKERS 160 gr", "self": "https://api.matsmart.se/api/v1.0/products/34461", "best_before": "1532210400", "product_contents": [{"id": "132331", "self": "https://cdn3.matsmart.se/sites/se/files/product_contents/semper_chia_crackers_innehall.jpg", "filemime": "image/jpeg", "filesize": "373079", "width": "800", "height": "800", "styles": ""}], "sku": "MS102404", "gtin": "7310100574305", "images": [{"id": "132326", "self": "https://cdn4.matsmart.se/sites/se/files/products/semper_chia_crackers.jpg", "filemime": "image/jpeg", "filesize": "298820", "width": "800", "height": "800", "styles": {"product_full": "https://cdn4.matsmart.se/sites/se/files/styles/product_full/public/products/semper_chia_crackers.jpg?itok=3CuBjlQO", "product_full_2x": "https://cdn4.matsmart.se/sites/se/files/styles/product_full_2x/public/products/semper_chia_crackers.jpg?itok=h1g0xiJL", "product_teaser": "https://cdn4.matsmart.se/sites/se/files/styles/product_teaser/public/products/semper_chia_crackers.jpg?itok=N0MNZxTo", "product_teaser_2x": "https://cdn4.matsmart.se/sites/se/files/styles/product_teaser_2x/public/products/semper_chia_crackers.jpg?itok=I3ZGVQBp", "product_zoom": "https://cdn4.matsmart.se/sites/se/files/styles/product_zoom/public/products/semper_chia_crackers.jpg?itok=9Vz8NEN_"}}], "max_purchase": "", "prices": {"comparison_price": "93,75 kr/kg", "price": {"amount": "1000", "currency_code": "SEK", "data": {"components": []}}, "old_price": {"amount": "2995", "currency_code": "SEK", "data": {"components": []}}}, "size": "160g", "status": "1", "stock": 0, "vat_rate": "se_intermediate", "volume": {"length": "16.50000", "width": "6.50000", "height": "6.50000", "unit": "cm"}, "weight": {"weight": "192.00000", "unit": "g"}, "product_category": null, "suppliers": [], "seasonal_themes": []}], "published": "0", "status": "0", "sticky": "0", "tags": ["9398"]}, {"id": "109686", "label": "Ris L\u00e5ngkornigt, Bovete & Quinoa 375g", "self": "https://api.matsmart.se/api/v1.0/product-displays/109686", "brand": "562", "brand_name": "Uncle Ben's", "categories": [], "created": "1530715474", "exclude_from_list": null, "product_info": "L\u00e5ngkornigt ris med vete, bovete och r\u00f6d quinoa!", "market": "SE", "products": [{"id": "35161", "label": "L\u00e5ngkornigt Ris, Bovete &amp; Quinoa", "self": "https://api.matsmart.se/api/v1.0/products/35161", "best_before": "1536098400", "product_contents": [{"id": "135591", "self": "https://cdn1.matsmart.se/sites/se/files/product_contents/uncle_bens_ris_bovete_innehall.jpg", "filemime": "image/jpeg", "filesize": "512389", "width": "800", "height": "800", "styles": ""}], "sku": "MS102550", "gtin": "3487400002532", "images": [{"id": "135586", "self": "https://cdn3.matsmart.se/sites/se/files/products/uncle_bens_ris_bovete.jpg", "filemime": "image/jpeg", "filesize": "625309", "width": "800", "height": "800", "styles": {"product_full": "https://cdn3.matsmart.se/sites/se/files/styles/product_full/public/products/uncle_bens_ris_bovete.jpg?itok=il6IKD6R", "product_full_2x": "https://cdn3.matsmart.se/sites/se/files/styles/product_full_2x/public/products/uncle_bens_ris_bovete.jpg?itok=qUC_dhzI", "product_teaser": "https://cdn3.matsmart.se/sites/se/files/styles/product_teaser/public/products/uncle_bens_ris_bovete.jpg?itok=vj5jcHbg", "product_teaser_2x": "https://cdn3.matsmart.se/sites/se/files/styles/product_teaser_2x/public/products/uncle_bens_ris_bovete.jpg?itok=2j3phzsU", "product_zoom": "https://cdn3.matsmart.se/sites/se/files/styles/product_zoom/public/products/uncle_bens_ris_bovete.jpg?itok=KzjmRzsY"}}], "max_purchase": "", "prices": {"comparison_price": "40,00 kr/kg", "price": {"amount": "1500", "currency_code": "SEK", "data": {"components": []}}, "old_price": {"amount": "2490", "currency_code": "SEK", "data": {"components": []}}}, "size": "375 g", "status": "1", "stock": 0, "vat_rate": "se_intermediate", "volume": {"length": "14.00000", "width": "4.00000", "height": "17.00000", "unit": "cm"}, "weight": {"weight": "416.00000", "unit": "g"}, "product_category": null, "suppliers": [], "seasonal_themes": []}], "published": "0", "status": "0", "sticky": "0", "tags": ["214"]}, {"id": "109701", "label": "Ris L\u00e5ngkornigt & Quinoa 375g", "self": "https://api.matsmart.se/api/v1.0/product-displays/109701", "brand": "562", "brand_name": "Uncle Ben's", "categories": [], "created": "1526572801", "exclude_from_list": null, "product_info": "L\u00e5ngkornigt ris h\u00e4r med r\u00f6d quinoa!\u00a0", "market": "SE", "products": [{"id": "35166", "label": "L\u00e5ngkornigt Ris &amp; Quino", "self": "https://api.matsmart.se/api/v1.0/products/35166", "best_before": "1536271200", "product_contents": [{"id": "135581", "self": "https://cdn1.matsmart.se/sites/se/files/product_contents/uncle_bens_ris_quinoa_rod_innehall.jpg", "filemime": "image/jpeg", "filesize": "473476", "width": "800", "height": "800", "styles": ""}], "sku": "MS102551", "gtin": "3487400002372", "images": [{"id": "135576", "self": "https://cdn4.matsmart.se/sites/se/files/products/uncle_bens_rod_quinoa.jpg", "filemime": "image/jpeg", "filesize": "585119", "width": "800", "height": "800", "styles": {"product_full": "https://cdn4.matsmart.se/sites/se/files/styles/product_full/public/products/uncle_bens_rod_quinoa.jpg?itok=w9pD-eZs", "product_full_2x": "https://cdn4.matsmart.se/sites/se/files/styles/product_full_2x/public/products/uncle_bens_rod_quinoa.jpg?itok=ej-5CmTM", "product_teaser": "https://cdn4.matsmart.se/sites/se/files/styles/product_teaser/public/products/uncle_bens_rod_quinoa.jpg?itok=rAaDcbIh", "product_teaser_2x": "https://cdn4.matsmart.se/sites/se/files/styles/product_teaser_2x/public/products/uncle_bens_rod_quinoa.jpg?itok=7kY55dEO", "product_zoom": "https://cdn4.matsmart.se/sites/se/files/styles/product_zoom/public/products/uncle_bens_rod_quinoa.jpg?itok=0V5ZZZi1"}}], "max_purchase": "", "prices": {"comparison_price": "40,00 kr/kg", "price": {"amount": "1500", "currency_code": "SEK", "data": {"components": []}}, "old_price": {"amount": "2490", "currency_code": "SEK", "data": {"components": []}}}, "size": "375g", "status": "1", "stock": 0, "vat_rate": "se_intermediate", "volume": {"length": "14.00000", "width": "4.00000", "height": "17.00000", "unit": "cm"}, "weight": {"weight": "408.00000", "unit": "g"}, "product_category": null, "suppliers": [], "seasonal_themes": []}], "published": "0", "status": "0", "sticky": "0", "tags": []}, {"id": "109956", "label": "Havregryn 550g", "self": "https://api.matsmart.se/api/v1.0/product-displays/109956", "brand": "12326", "brand_name": "Helios", "categories": [], "created": "1528785959", "exclude_from_list": null, "product_info": "Ekologiska, sm\u00e5 l\u00e4ttkokta havregryn.", "market": "SE", "products": [{"id": "35251", "label": "Havrem\u00fcsli Glutenfri 550g", "self": "https://api.matsmart.se/api/v1.0/products/35251", "best_before": "1528236000", "product_contents": [{"id": "138991", "self": "https://cdn2.matsmart.se/sites/se/files/product_contents/helios_havregryn_innehall.jpg", "filemime": "image/jpeg", "filesize": "315558", "width": "800", "height": "800", "styles": ""}], "sku": "MS102570", "gtin": "7070622012111", "images": [{"id": "138986", "self": "https://cdn2.matsmart.se/sites/se/files/products/helios_havregryn_sma.jpg", "filemime": "image/jpeg", "filesize": "305306", "width": "800", "height": "800", "styles": {"product_full": "https://cdn2.matsmart.se/sites/se/files/styles/product_full/public/products/helios_havregryn_sma.jpg?itok=tBcyjsbq", "product_full_2x": "https://cdn2.matsmart.se/sites/se/files/styles/product_full_2x/public/products/helios_havregryn_sma.jpg?itok=APi3mMME", "product_teaser": "https://cdn2.matsmart.se/sites/se/files/styles/product_teaser/public/products/helios_havregryn_sma.jpg?itok=LkT8wnKu", "product_teaser_2x": "https://cdn2.matsmart.se/sites/se/files/styles/product_teaser_2x/public/products/helios_havregryn_sma.jpg?itok=8P3h7IBq", "product_zoom": "https://cdn2.matsmart.se/sites/se/files/styles/product_zoom/public/products/helios_havregryn_sma.jpg?itok=E5wqkzIk"}}], "max_purchase": "", "prices": {"comparison_price": "27,27 kr/kg", "price": {"amount": "1500", "currency_code": "SEK", "data": {"components": []}}, "old_price": {"amount": "2900", "currency_code": "SEK", "data": {"components": []}}}, "size": "550g", "status": "1", "stock": 0, "vat_rate": "se_intermediate", "volume": {"length": "20.00000", "width": "11.00000", "height": "8.00000", "unit": "cm"}, "weight": {"weight": "562.00000", "unit": "g"}, "product_category": null, "suppliers": [], "seasonal_themes": []}], "published": "0", "status": "0", "sticky": "0", "tags": ["679"]}, {"id": "109986", "label": "Eko Bovete", "self": "https://api.matsmart.se/api/v1.0/product-displays/109986", "brand": "1895", "brand_name": "Urtekram", "categories": ["14921"], "created": "1579518783", "exclude_from_list": false, "product_info": "Ekologiskt bovete som exempelvis kan anv\u00e4ndas till gr\u00f6t eller som substitut till pasta och ris.", "market": "SE", "products": [{"id": "35261", "label": "Bovete EKO 500g", "self": "https://api.matsmart.se/api/v1.0/products/35261", "best_before": "1583535600", "product_contents": [{"id": "260806", "self": "https://cdn1.matsmart.se/sites/se/files/product_contents/helt_bovete.jpg", "filemime": "image/jpeg", "filesize": "332695", "width": "800", "height": "800", "styles": ""}, {"id": "260926", "self": "https://cdn3.matsmart.se/sites/se/files/product_contents/urtekram_bovete_finsk_innehall.jpg", "filemime": "image/jpeg", "filesize": "292477", "width": "800", "height": "800", "styles": ""}, {"id": "336561", "self": "https://cdn2.matsmart.se/sites/se/files/product_contents/urtekram_helt_bovete_eko.jpg", "filemime": "image/jpeg", "filesize": "158610", "width": "800", "height": "800", "styles": ""}], "sku": "MS102572", "gtin": "5765228107034", "images": [{"id": "260756", "self": "https://cdn1.matsmart.se/sites/se/files/products/helt_bovete.jpg", "filemime": "image/jpeg", "filesize": "367905", "width": "800", "height": "800", "styles": {"product_full": "https://cdn1.matsmart.se/sites/se/files/styles/product_full/public/products/helt_bovete.jpg?itok=T_Jj5kS0", "product_full_2x": "https://cdn1.matsmart.se/sites/se/files/styles/product_full_2x/public/products/helt_bovete.jpg?itok=XmcAwMUS", "product_teaser": "https://cdn1.matsmart.se/sites/se/files/styles/product_teaser/public/products/helt_bovete.jpg?itok=grn-jT8b", "product_teaser_2x": "https://cdn1.matsmart.se/sites/se/files/styles/product_teaser_2x/public/products/helt_bovete.jpg?itok=qnEcx_GJ", "product_zoom": "https://cdn1.matsmart.se/sites/se/files/styles/product_zoom/public/products/helt_bovete.jpg?itok=SPH6ZH9J"}}], "max_purchase": "", "prices": {"comparison_price": "40,00 kr/kg", "price": {"amount": "2000", "currency_code": "SEK", "data": {"components": []}}, "old_price": {"amount": "3390", "currency_code": "SEK", "data": {"components": []}}}, "size": "500g", "status": "1", "stock": 0, "vat_rate": "se_intermediate", "volume": {"length": "18.00000", "width": "13.50000", "height": "4.00000", "unit": "cm"}, "weight": {"weight": "511.00000", "unit": "g"}, "product_category": "20666", "suppliers": [], "seasonal_themes": []}], "published": "0", "status": "0", "sticky": "0", "tags": ["679", "18556"]}, {"id": "117936", "label": "Eko Granola \"Cacao Coconut & Chia\" 300g", "self": "https://api.matsmart.se/api/v1.0/product-displays/117936", "brand": "13571", "brand_name": "Superfruit Foods", "categories": ["14951"], "created": "1541673021", "exclude_from_list": null, "product_info": "Ekologisk samt glutenfri granola med smak av kakao, kokosn\u00f6tter och chiafr\u00f6n.", "market": "SE", "products": [{"id": "37771", "label": "Granola Cacao Coconut Chia 300g EU EKO &amp; Glutenfri", "self": "https://api.matsmart.se/api/v1.0/products/37771", "best_before": "1553986800", "product_contents": [{"id": "150266", "self": "https://cdn1.matsmart.se/sites/se/files/product_contents/superfruit_granola_glutenfree_innehall.jpg", "filemime": "image/jpeg", "filesize": "347098", "width": "800", "height": "800", "styles": ""}], "sku": "MS103076", "gtin": "7350039931336", "images": [{"id": "150261", "self": "https://cdn3.matsmart.se/sites/se/files/products/superfruit_foods_granola_glutenfree.jpg", "filemime": "image/jpeg", "filesize": "239223", "width": "800", "height": "800", "styles": {"product_full": "https://cdn3.matsmart.se/sites/se/files/styles/product_full/public/products/superfruit_foods_granola_glutenfree.jpg?itok=H9nQSUuW", "product_full_2x": "https://cdn3.matsmart.se/sites/se/files/styles/product_full_2x/public/products/superfruit_foods_granola_glutenfree.jpg?itok=D9kLgaOu", "product_teaser": "https://cdn3.matsmart.se/sites/se/files/styles/product_teaser/public/products/superfruit_foods_granola_glutenfree.jpg?itok=Ok1LszWR", "product_teaser_2x": "https://cdn3.matsmart.se/sites/se/files/styles/product_teaser_2x/public/products/superfruit_foods_granola_glutenfree.jpg?itok=ylx_RDRD", "product_zoom": "https://cdn3.matsmart.se/sites/se/files/styles/product_zoom/public/products/superfruit_foods_granola_glutenfree.jpg?itok=vEIDIl9c"}}], "max_purchase": "", "prices": {"comparison_price": "130,00 kr/kg", "price": {"amount": "3900", "currency_code": "SEK", "data": {"components": []}}, "old_price": {"amount": "6990", "currency_code": "SEK", "data": {"components": []}}}, "size": "300g", "status": "1", "stock": 0, "vat_rate": "se_intermediate", "volume": {"length": "27.00000", "width": "18.00000", "height": "4.50000", "unit": "cm"}, "weight": {"weight": "320.00000", "unit": "g"}, "product_category": null, "suppliers": [], "seasonal_themes": []}], "published": "0", "status": "0", "sticky": "0", "tags": ["679", "9398"]}, {"id": "118131", "label": "Bovetemj\u00f6l \"Instant\" 300g", "self": "https://api.matsmart.se/api/v1.0/product-displays/118131", "brand": "12901", "brand_name": "Olda", "categories": [], "created": "1531745979", "exclude_from_list": null, "product_info": "Ett spannm\u00e5lsfritt v\u00e4rmebehandlat mj\u00f6l som kan anv\u00e4ndas till mycket exempelvis en nyttig gr\u00f6t till frukost, chokladbollar eller franska galetter (bovetepl\u00e4ttar). Man kan \u00e4ven baka diverse mjuka kakor, reda kalla/varma s\u00e5ser eller anv\u00e4nda det som vanligt str\u00f6br\u00f6d vid panering och matlagning. Fritt fr\u00e5n mj\u00f6lk, soja och gluten.", "market": "SE", "products": [{"id": "37836", "label": "Instant bovetemj\u00f6l \u2013 Bovetegr\u00f6t", "self": "https://api.matsmart.se/api/v1.0/products/37836", "best_before": "1537135200", "product_contents": [{"id": "147446", "self": "https://cdn4.matsmart.se/sites/se/files/product_contents/bovetemjol_22instant22_300g_olda_innehall.png", "filemime": "image/png", "filesize": "21202", "width": "341", "height": "221", "styles": ""}], "sku": "MS103089", "gtin": "7392050123628", "images": [{"id": "147441", "self": "https://cdn1.matsmart.se/sites/se/files/products/bovetemjol_22instant22_300g_olda.jpg", "filemime": "image/jpeg", "filesize": "383599", "width": "800", "height": "800", "styles": {"product_full": "https://cdn1.matsmart.se/sites/se/files/styles/product_full/public/products/bovetemjol_22instant22_300g_olda.jpg?itok=cUryDxLD", "product_full_2x": "https://cdn1.matsmart.se/sites/se/files/styles/product_full_2x/public/products/bovetemjol_22instant22_300g_olda.jpg?itok=c7rlH63y", "product_teaser": "https://cdn1.matsmart.se/sites/se/files/styles/product_teaser/public/products/bovetemjol_22instant22_300g_olda.jpg?itok=zoIV3XK5", "product_teaser_2x": "https://cdn1.matsmart.se/sites/se/files/styles/product_teaser_2x/public/products/bovetemjol_22instant22_300g_olda.jpg?itok=TXx-Mq-8", "product_zoom": "https://cdn1.matsmart.se/sites/se/files/styles/product_zoom/public/products/bovetemjol_22instant22_300g_olda.jpg?itok=PnXwSL7T"}}], "max_purchase": "", "prices": {"comparison_price": "33,33 kr/kg", "price": {"amount": "1000", "currency_code": "SEK", "data": {"components": []}}, "old_price": {"amount": "3190", "currency_code": "SEK", "data": {"components": []}}}, "size": "300g", "status": "1", "stock": 0, "vat_rate": "se_intermediate", "volume": {"length": "18.50000", "width": "14.50000", "height": "5.00000", "unit": "cm"}, "weight": {"weight": "340.00000", "unit": "g"}, "product_category": null, "suppliers": [], "seasonal_themes": []}], "published": "0", "status": "0", "sticky": "0", "tags": ["9398"]}, {"id": "118161", "label": "M\u00fcsli \"Blackberry, Dates & Quinoa\" 390g", "self": "https://api.matsmart.se/api/v1.0/product-displays/118161", "brand": "547", "brand_name": "Axa", "categories": [], "created": "1531295143", "exclude_from_list": null, "product_info": "M\u00fcsli som inneh\u00e5ller bj\u00f6rnb\u00e4r, dadel, quinoa samt fullkornshavre. Rik p\u00e5 fiber och fullkorn samt fri fr\u00e5n tillsatt socker.", "market": "SE", "products": [{"id": "37846", "label": "AXA musli blackberry, dates, quinoa 390g", "self": "https://api.matsmart.se/api/v1.0/products/37846", "best_before": "1535148000", "product_contents": [{"id": "146061", "self": "https://cdn2.matsmart.se/sites/se/files/product_contents/22blackberry_dates_quinoa22_390g_innehall_.png", "filemime": "image/png", "filesize": "337756", "width": "312", "height": "557", "styles": ""}, {"id": "146066", "self": "https://cdn2.matsmart.se/sites/se/files/product_contents/22blackberry_dates_quinoa22_390g_innehall_2.png", "filemime": "image/png", "filesize": "331907", "width": "310", "height": "585", "styles": ""}, {"id": "146071", "self": "https://cdn2.matsmart.se/sites/se/files/product_contents/22blackberry_dates_quinoa22_390g_innehall_3.png", "filemime": "image/png", "filesize": "246334", "width": "275", "height": "514", "styles": ""}], "sku": "MS103091", "gtin": "7310130008207", "images": [{"id": "146051", "self": "https://cdn1.matsmart.se/sites/se/files/products/musli_22blackberry_dates_quinoa22_390g.jpg", "filemime": "image/jpeg", "filesize": "409958", "width": "800", "height": "800", "styles": {"product_full": "https://cdn1.matsmart.se/sites/se/files/styles/product_full/public/products/musli_22blackberry_dates_quinoa22_390g.jpg?itok=kERICa1w", "product_full_2x": "https://cdn1.matsmart.se/sites/se/files/styles/product_full_2x/public/products/musli_22blackberry_dates_quinoa22_390g.jpg?itok=bAb9_660", "product_teaser": "https://cdn1.matsmart.se/sites/se/files/styles/product_teaser/public/products/musli_22blackberry_dates_quinoa22_390g.jpg?itok=gyHJamS6", "product_teaser_2x": "https://cdn1.matsmart.se/sites/se/files/styles/product_teaser_2x/public/products/musli_22blackberry_dates_quinoa22_390g.jpg?itok=CmbmnTgE", "product_zoom": "https://cdn1.matsmart.se/sites/se/files/styles/product_zoom/public/products/musli_22blackberry_dates_quinoa22_390g.jpg?itok=1U0vRqdE"}}], "max_purchase": "", "prices": {"comparison_price": "51,28 kr/kg", "price": {"amount": "2000", "currency_code": "SEK", "data": {"components": []}}, "old_price": {"amount": "3690", "currency_code": "SEK", "data": {"components": []}}, "price_table": {"amount": "1750", "currency_code": "SEK", "min_qty": "2", "max_qty": "-1", "data": {"components": []}}}, "size": "390g", "status": "1", "stock": 0, "vat_rate": "se_intermediate", "volume": {"length": "12.50000", "width": "5.00000", "height": "21.50000", "unit": "cm"}, "weight": {"weight": "436.00000", "unit": "g"}, "product_category": null, "suppliers": [], "seasonal_themes": []}], "published": "0", "status": "0", "sticky": "0", "tags": []}, {"id": "120251", "label": "Hel L\u00e5da Majskakor \"Chia\" 22 x 25g", "self": "https://api.matsmart.se/api/v1.0/product-displays/120251", "brand": "125", "brand_name": "Friggs", "categories": ["566"], "created": "1532002686", "exclude_from_list": null, "product_info": "Hel l\u00e5da - 22 stycken krispiga majskakor med chiafr\u00f6n och havssalt. Glutenfria samt Nyckelh\u00e5ls-m\u00e4rkta! Priser per kaka: 1,77 kronor styck.", "market": "SE", "products": [{"id": "38511", "label": "Hel l\u00e5da Friggs Majskakor Chia OTG", "self": "https://api.matsmart.se/api/v1.0/products/38511", "best_before": "1543186800", "product_contents": [{"id": "149236", "self": "https://cdn1.matsmart.se/sites/se/files/product_contents/hel_lada_majskakor_22chia22_22_x_25g_innehall.png", "filemime": "image/png", "filesize": "456638", "width": "739", "height": "399", "styles": ""}], "sku": "MS103219", "gtin": "17350028546012", "images": [{"id": "149241", "self": "https://cdn3.matsmart.se/sites/se/files/products/hel_lada_majskakor_22chia22_22_x_25g.jpg", "filemime": "image/jpeg", "filesize": "452542", "width": "800", "height": "800", "styles": {"product_full": "https://cdn3.matsmart.se/sites/se/files/styles/product_full/public/products/hel_lada_majskakor_22chia22_22_x_25g.jpg?itok=psNvUOQv", "product_full_2x": "https://cdn3.matsmart.se/sites/se/files/styles/product_full_2x/public/products/hel_lada_majskakor_22chia22_22_x_25g.jpg?itok=eihlw803", "product_teaser": "https://cdn3.matsmart.se/sites/se/files/styles/product_teaser/public/products/hel_lada_majskakor_22chia22_22_x_25g.jpg?itok=jAkvKGwl", "product_teaser_2x": "https://cdn3.matsmart.se/sites/se/files/styles/product_teaser_2x/public/products/hel_lada_majskakor_22chia22_22_x_25g.jpg?itok=wykQptVv", "product_zoom": "https://cdn3.matsmart.se/sites/se/files/styles/product_zoom/public/products/hel_lada_majskakor_22chia22_22_x_25g.jpg?itok=qKnznmFs"}}], "max_purchase": "", "prices": {"comparison_price": "70,90 kr/kg", "price": {"amount": "3900", "currency_code": "SEK", "data": {"components": []}}, "old_price": {"amount": "6900", "currency_code": "SEK", "data": {"components": []}}}, "size": "22 x 25g", "status": "1", "stock": 0, "vat_rate": "se_intermediate", "volume": {"length": "40.50000", "width": "21.50000", "height": "11.00000", "unit": "cm"}, "weight": {"weight": "776.00000", "unit": "g"}, "product_category": null, "suppliers": [], "seasonal_themes": []}], "published": "0", "status": "0", "sticky": "0", "tags": ["9398"]}, {"id": "120281", "label": "Eko Bovetekakor Chiafr\u00f6n & Havssalt 125g", "self": "https://api.matsmart.se/api/v1.0/product-displays/120281", "brand": "125", "brand_name": "Friggs", "categories": ["14971"], "created": "1563177686", "exclude_from_list": false, "product_info": "Krispiga och ekologiska bovetekakor med chiafr\u00f6n och havssalt.\u00a0", "market": "SE", "products": [{"id": "38521", "label": "Friggs Crackers Bovete", "self": "https://api.matsmart.se/api/v1.0/products/38521", "best_before": "1570744800", "product_contents": [{"id": "205606", "self": "https://cdn3.matsmart.se/sites/se/files/product_contents/friggs_bovetekakor_chiafro_havssalt_innehall_ny.jpg", "filemime": "image/jpeg", "filesize": "276287", "width": "800", "height": "800", "styles": ""}], "sku": "MS103221", "gtin": "7350028546022", "images": [{"id": "148976", "self": "https://cdn1.matsmart.se/sites/se/files/products/bovetekakor_chiafron_havssalt_125g.jpg", "filemime": "image/jpeg", "filesize": "235657", "width": "800", "height": "800", "styles": {"product_full": "https://cdn1.matsmart.se/sites/se/files/styles/product_full/public/products/bovetekakor_chiafron_havssalt_125g.jpg?itok=-kQoDjo9", "product_full_2x": "https://cdn1.matsmart.se/sites/se/files/styles/product_full_2x/public/products/bovetekakor_chiafron_havssalt_125g.jpg?itok=V28K3q8G", "product_teaser": "https://cdn1.matsmart.se/sites/se/files/styles/product_teaser/public/products/bovetekakor_chiafron_havssalt_125g.jpg?itok=kHEnD4n0", "product_teaser_2x": "https://cdn1.matsmart.se/sites/se/files/styles/product_teaser_2x/public/products/bovetekakor_chiafron_havssalt_125g.jpg?itok=gBnRQMGB", "product_zoom": "https://cdn1.matsmart.se/sites/se/files/styles/product_zoom/public/products/bovetekakor_chiafron_havssalt_125g.jpg?itok=HR8DAwL_"}}], "max_purchase": "", "prices": {"comparison_price": "96,00 kr/kg", "price": {"amount": "1200", "currency_code": "SEK", "data": {"components": []}}, "old_price": {"amount": "2290", "currency_code": "SEK", "data": {"components": []}}, "price_table": {"amount": "1000", "currency_code": "SEK", "min_qty": "2", "max_qty": "-1", "data": {"components": []}}}, "size": "125g", "status": "1", "stock": 0, "vat_rate": "se_intermediate", "volume": {"length": "22.00000", "width": "10.00000", "height": "10.00000", "unit": "cm"}, "weight": {"weight": "130.00000", "unit": "g"}, "product_category": "20756", "suppliers": [], "seasonal_themes": []}], "published": "0", "status": "0", "sticky": "0", "tags": ["679"]}, {"id": "123466", "label": "Eko Quinoa R\u00f6d 350g", "self": "https://api.matsmart.se/api/v1.0/product-displays/123466", "brand": "12326", "brand_name": "Helios", "categories": ["14951"], "created": "1536151085", "exclude_from_list": null, "product_info": "Ekologisk r\u00f6d quinoa.", "market": "SE", "products": [{"id": "39511", "label": "HELIOS LUOMU/EKO KVINOA PUNAINEN 350G", "self": "https://api.matsmart.se/api/v1.0/products/39511", "best_before": "1535666400", "product_contents": [{"id": "162061", "self": "https://cdn3.matsmart.se/sites/se/files/product_contents/helios_rod_quinoa_innehall.jpg", "filemime": "image/jpeg", "filesize": "356854", "width": "800", "height": "800", "styles": ""}], "sku": "MS103415", "gtin": "7070622011732", "images": [{"id": "162056", "self": "https://cdn2.matsmart.se/sites/se/files/products/helios_rod_quinoa.jpg", "filemime": "image/jpeg", "filesize": "299811", "width": "800", "height": "800", "styles": {"product_full": "https://cdn2.matsmart.se/sites/se/files/styles/product_full/public/products/helios_rod_quinoa.jpg?itok=5BQdhIZh", "product_full_2x": "https://cdn2.matsmart.se/sites/se/files/styles/product_full_2x/public/products/helios_rod_quinoa.jpg?itok=yHeoTN3X", "product_teaser": "https://cdn2.matsmart.se/sites/se/files/styles/product_teaser/public/products/helios_rod_quinoa.jpg?itok=E5oJua4m", "product_teaser_2x": "https://cdn2.matsmart.se/sites/se/files/styles/product_teaser_2x/public/products/helios_rod_quinoa.jpg?itok=GGkV3PKb", "product_zoom": "https://cdn2.matsmart.se/sites/se/files/styles/product_zoom/public/products/helios_rod_quinoa.jpg?itok=RZU_hOaG"}}], "max_purchase": "", "prices": {"comparison_price": "111,42 kr/kg", "price": {"amount": "3900", "currency_code": "SEK", "data": {"components": []}}, "old_price": {"amount": "5900", "currency_code": "SEK", "data": {"components": []}}}, "size": "350g", "status": "1", "stock": 0, "vat_rate": "se_intermediate", "volume": {"length": "10.50000", "width": "4.00000", "height": "16.00000", "unit": "cm"}, "weight": {"weight": "372.00000", "unit": "g"}, "product_category": null, "suppliers": [], "seasonal_themes": []}], "published": "0", "status": "0", "sticky": "0", "tags": ["679"]}, {"id": "123976", "label": "Fr\u00f6kex Chiafr\u00f6n & Solrosk\u00e4rnor 185g", "self": "https://api.matsmart.se/api/v1.0/product-displays/123976", "brand": "6683", "brand_name": "Paul\u00fans", "categories": ["14971"], "created": "1559120319", "exclude_from_list": false, "product_info": "Fr\u00f6kex baserade p\u00e5 havregryn med chiafr\u00f6n och solrosk\u00e4rnor. Inneh\u00e5ller ca 12 kex.", "market": "SE", "products": [{"id": "39681", "label": "Paul\u00fans Superkex Sol/Chia 185g", "self": "https://api.matsmart.se/api/v1.0/products/39681", "best_before": "1569448800", "product_contents": [{"id": "161046", "self": "https://cdn2.matsmart.se/sites/se/files/product_contents/pauluns_superkex_chia_sol_innehall.jpg", "filemime": "image/jpeg", "filesize": "449196", "width": "800", "height": "800", "styles": ""}], "sku": "MS103449", "gtin": "7310520007261", "images": [{"id": "161041", "self": "https://cdn2.matsmart.se/sites/se/files/products/pauluns_superkex_chia_sol.jpg", "filemime": "image/jpeg", "filesize": "399993", "width": "800", "height": "800", "styles": {"product_full": "https://cdn2.matsmart.se/sites/se/files/styles/product_full/public/products/pauluns_superkex_chia_sol.jpg?itok=DJDcnFET", "product_full_2x": "https://cdn2.matsmart.se/sites/se/files/styles/product_full_2x/public/products/pauluns_superkex_chia_sol.jpg?itok=KvLA8Vjd", "product_teaser": "https://cdn2.matsmart.se/sites/se/files/styles/product_teaser/public/products/pauluns_superkex_chia_sol.jpg?itok=ss5I2a35", "product_teaser_2x": "https://cdn2.matsmart.se/sites/se/files/styles/product_teaser_2x/public/products/pauluns_superkex_chia_sol.jpg?itok=z-kDaeCz", "product_zoom": "https://cdn2.matsmart.se/sites/se/files/styles/product_zoom/public/products/pauluns_superkex_chia_sol.jpg?itok=N8olLdOA"}}], "max_purchase": "", "prices": {"comparison_price": "108,11 kr/kg", "price": {"amount": "2000", "currency_code": "SEK", "data": {"components": []}}, "old_price": {"amount": "2990", "currency_code": "SEK", "data": {"components": []}}}, "size": "185g", "status": "1", "stock": 0, "vat_rate": "se_intermediate", "volume": {"length": "23.00000", "width": "10.00000", "height": "5.00000", "unit": "cm"}, "weight": {"weight": "236.00000", "unit": "g"}, "product_category": null, "suppliers": [], "seasonal_themes": []}], "published": "0", "status": "0", "sticky": "0", "tags": []}, {"id": "123991", "label": "Kex \u00c4pple, Ingef\u00e4ra & Quinoa 185g", "self": "https://api.matsmart.se/api/v1.0/product-displays/123991", "brand": "6683", "brand_name": "Paul\u00fans", "categories": ["14971"], "created": "1559120407", "exclude_from_list": false, "product_info": "Fr\u00f6kex med \u00e4pple, ingef\u00e4ra och puffad quinoa. Inneh\u00e5ller extra protein fr\u00e5n fr\u00f6n samt \u00e4r rik p\u00e5 fibrer. Inget tillsatt socker.", "market": "SE", "products": [{"id": "39686", "label": "Paul\u00fans Superkex \u00c4p/In/Qu 185g", "self": "https://api.matsmart.se/api/v1.0/products/39686", "best_before": "1569535200", "product_contents": [{"id": "159111", "self": "https://cdn4.matsmart.se/sites/se/files/product_contents/pauluns_superkex_innehall.jpg", "filemime": "image/jpeg", "filesize": "342289", "width": "800", "height": "800", "styles": ""}], "sku": "MS103450", "gtin": "7310520007292", "images": [{"id": "159106", "self": "https://cdn4.matsmart.se/sites/se/files/products/pauluns_superkex.jpg", "filemime": "image/jpeg", "filesize": "356039", "width": "800", "height": "800", "styles": {"product_full": "https://cdn4.matsmart.se/sites/se/files/styles/product_full/public/products/pauluns_superkex.jpg?itok=srEx4KOO", "product_full_2x": "https://cdn4.matsmart.se/sites/se/files/styles/product_full_2x/public/products/pauluns_superkex.jpg?itok=GzNj4kEC", "product_teaser": "https://cdn4.matsmart.se/sites/se/files/styles/product_teaser/public/products/pauluns_superkex.jpg?itok=Qf6ViiGC", "product_teaser_2x": "https://cdn4.matsmart.se/sites/se/files/styles/product_teaser_2x/public/products/pauluns_superkex.jpg?itok=dcETsFlz", "product_zoom": "https://cdn4.matsmart.se/sites/se/files/styles/product_zoom/public/products/pauluns_superkex.jpg?itok=x0LJyZLi"}}], "max_purchase": "", "prices": {"comparison_price": "108,11 kr/kg", "price": {"amount": "2000", "currency_code": "SEK", "data": {"components": []}}, "old_price": {"amount": "2990", "currency_code": "SEK", "data": {"components": []}}}, "size": "185g", "status": "1", "stock": 0, "vat_rate": "se_intermediate", "volume": {"length": "22.50000", "width": "10.00000", "height": "5.00000", "unit": "cm"}, "weight": {"weight": "272.00000", "unit": "g"}, "product_category": null, "suppliers": [], "seasonal_themes": []}], "published": "0", "status": "0", "sticky": "0", "tags": []}, {"id": "124321", "label": "Quinoa Eko 400g", "self": "https://api.matsmart.se/api/v1.0/product-displays/124321", "brand": "14231", "brand_name": "Sun Spelt", "categories": [], "created": "1535015393", "exclude_from_list": null, "product_info": "Ekologisk, glutenfri quinoa utan tillsatser eller konserveringsmedel.", "market": "SE", "products": [{"id": "39796", "label": "Quinoa, eko, odlad i Finland, 400g, EKO", "self": "https://api.matsmart.se/api/v1.0/products/39796", "best_before": "1566338400", "product_contents": [{"id": "157846", "self": "https://cdn3.matsmart.se/sites/se/files/product_contents/sun_spelt_quinoa_innehall.jpg", "filemime": "image/jpeg", "filesize": "328844", "width": "800", "height": "800", "styles": ""}], "sku": "MS103472", "gtin": "6430011740161", "images": [{"id": "157841", "self": "https://cdn2.matsmart.se/sites/se/files/products/sun_spelt_quinoa.jpg", "filemime": "image/jpeg", "filesize": "518737", "width": "800", "height": "800", "styles": {"product_full": "https://cdn2.matsmart.se/sites/se/files/styles/product_full/public/products/sun_spelt_quinoa.jpg?itok=DQWspR_R", "product_full_2x": "https://cdn2.matsmart.se/sites/se/files/styles/product_full_2x/public/products/sun_spelt_quinoa.jpg?itok=yC-rNHds", "product_teaser": "https://cdn2.matsmart.se/sites/se/files/styles/product_teaser/public/products/sun_spelt_quinoa.jpg?itok=nO3H8tPH", "product_teaser_2x": "https://cdn2.matsmart.se/sites/se/files/styles/product_teaser_2x/public/products/sun_spelt_quinoa.jpg?itok=_LV9C6aL", "product_zoom": "https://cdn2.matsmart.se/sites/se/files/styles/product_zoom/public/products/sun_spelt_quinoa.jpg?itok=4ao7JNmF"}}], "max_purchase": "", "prices": {"comparison_price": "97,50 kr/kg", "price": {"amount": "3900", "currency_code": "SEK", "data": {"components": []}}, "old_price": {"amount": "7700", "currency_code": "SEK", "data": {"components": []}}}, "size": "400g", "status": "1", "stock": 0, "vat_rate": "se_intermediate", "volume": {"length": "15.50000", "width": "10.50000", "height": "5.50000", "unit": "cm"}, "weight": {"weight": "432.00000", "unit": "g"}, "product_category": null, "suppliers": [], "seasonal_themes": []}], "published": "0", "status": "0", "sticky": "0", "tags": ["679"]}, {"id": "125641", "label": "Majskakor Chiafr\u00f6n & Havssalt", "self": "https://api.matsmart.se/api/v1.0/product-displays/125641", "brand": "125", "brand_name": "Friggs", "categories": ["14971"], "created": "1581666834", "exclude_from_list": true, "product_info": "Tunna, krispiga och glutenfria majskakor med chiafr\u00f6n och havssalt.\u00a0", "market": "SE", "products": [{"id": "40216", "label": "Friggs Majskakor Chia OTG", "self": "https://api.matsmart.se/api/v1.0/products/40216", "best_before": "1583276400", "product_contents": [{"id": "162186", "self": "https://cdn1.matsmart.se/sites/se/files/product_contents/friggs_chiafro_havssalt_innehall.jpg", "filemime": "image/jpeg", "filesize": "513534", "width": "800", "height": "800", "styles": ""}], "sku": "MS103555", "gtin": "7350028546015", "images": [{"id": "162181", "self": "https://cdn1.matsmart.se/sites/se/files/products/friggs_chiafro_havssalt25g.jpg", "filemime": "image/jpeg", "filesize": "349083", "width": "800", "height": "800", "styles": {"product_full": "https://cdn1.matsmart.se/sites/se/files/styles/product_full/public/products/friggs_chiafro_havssalt25g.jpg?itok=w3rtSOvy", "product_full_2x": "https://cdn1.matsmart.se/sites/se/files/styles/product_full_2x/public/products/friggs_chiafro_havssalt25g.jpg?itok=SASTwLLX", "product_teaser": "https://cdn1.matsmart.se/sites/se/files/styles/product_teaser/public/products/friggs_chiafro_havssalt25g.jpg?itok=xcH2Ahl7", "product_teaser_2x": "https://cdn1.matsmart.se/sites/se/files/styles/product_teaser_2x/public/products/friggs_chiafro_havssalt25g.jpg?itok=AnOjeKXW", "product_zoom": "https://cdn1.matsmart.se/sites/se/files/styles/product_zoom/public/products/friggs_chiafro_havssalt25g.jpg?itok=ssSv6zNb"}}], "max_purchase": "", "prices": {"comparison_price": "280,00 kr/kg", "price": {"amount": "700", "currency_code": "SEK", "data": {"components": []}}, "old_price": {"amount": "900", "currency_code": "SEK", "data": {"components": []}}, "price_table": {"amount": "500", "currency_code": "SEK", "min_qty": "5", "max_qty": "-1", "data": {"components": []}}}, "size": "25g", "status": "1", "stock": 2, "vat_rate": "se_intermediate", "volume": {"length": "10.00000", "width": "9.00000", "height": "3.00000", "unit": "cm"}, "weight": {"weight": "30.00000", "unit": "g"}, "product_category": "20756", "suppliers": [], "seasonal_themes": []}], "published": "0", "status": "0", "sticky": "0", "tags": ["9398", "214", "21691", "22361", "22396", "18556"]}, {"id": "125686", "label": "Eko Quinoamj\u00f6l 200g", "self": "https://api.matsmart.se/api/v1.0/product-displays/125686", "brand": "978", "brand_name": "Kung Markatta", "categories": ["14916", "14961"], "created": "1548079942", "exclude_from_list": false, "product_info": "Ekologiskt quinoamj\u00f6l som inneh\u00e5ller protein. Perfekt som bas till pannkakor, br\u00f6d och pajer.", "market": "SE", "products": [{"id": "40231", "label": "KM QUINOAMJ\u00d6L EKO 200 G", "self": "https://api.matsmart.se/api/v1.0/products/40231", "best_before": "1592344800", "product_contents": [{"id": "205411", "self": "https://cdn1.matsmart.se/sites/se/files/product_contents/kung_markatta_quinoamjol_innehall_ny.jpg", "filemime": "image/jpeg", "filesize": "232009", "width": "800", "height": "800", "styles": ""}], "sku": "MS103558", "gtin": "7391835919609", "images": [{"id": "167151", "self": "https://cdn3.matsmart.se/sites/se/files/products/kung_markatta_quinoamjol.jpg", "filemime": "image/jpeg", "filesize": "349589", "width": "800", "height": "800", "styles": {"product_full": "https://cdn3.matsmart.se/sites/se/files/styles/product_full/public/products/kung_markatta_quinoamjol.jpg?itok=v8lAqLsr", "product_full_2x": "https://cdn3.matsmart.se/sites/se/files/styles/product_full_2x/public/products/kung_markatta_quinoamjol.jpg?itok=l8LphueY", "product_teaser": "https://cdn3.matsmart.se/sites/se/files/styles/product_teaser/public/products/kung_markatta_quinoamjol.jpg?itok=S2EazsAz", "product_teaser_2x": "https://cdn3.matsmart.se/sites/se/files/styles/product_teaser_2x/public/products/kung_markatta_quinoamjol.jpg?itok=Dngq23JZ", "product_zoom": "https://cdn3.matsmart.se/sites/se/files/styles/product_zoom/public/products/kung_markatta_quinoamjol.jpg?itok=cBML6WQF"}}], "max_purchase": "", "prices": {"comparison_price": "100,00 kr/kg", "price": {"amount": "2000", "currency_code": "SEK", "data": {"components": []}}, "old_price": {"amount": "5900", "currency_code": "SEK", "data": {"components": []}}}, "size": "200g", "status": "1", "stock": 1, "vat_rate": "se_intermediate", "volume": {"length": "19.00000", "width": "12.00000", "height": "4.00000", "unit": "cm"}, "weight": {"weight": "213.00000", "unit": "g"}, "product_category": "20666", "suppliers": [], "seasonal_themes": []}], "published": "0", "status": "0", "sticky": "0", "tags": ["679"]}, {"id": "126251", "label": "Havregrynsgr\u00f6t \"R\u00e5g och Dadlar\" 500g", "self": "https://api.matsmart.se/api/v1.0/product-displays/126251", "brand": "131", "brand_name": "Fazer", "categories": [], "created": "1535631245", "exclude_from_list": null, "product_info": "Havregrynsgr\u00f6t utan tillsatt socker, som inneh\u00e5ller rikligt med fibrer och har en god smak av r\u00e5g och dadlar. Njut av gr\u00f6ten som den \u00e4r eller smaks\u00e4tt den p\u00e5 olika s\u00e4tt. Ger en bra start p\u00e5 dagen!\u00a0", "market": "SE", "products": [{"id": "40416", "label": "VL RUIS&amp;TAATELI KAURAPUURO 500 g", "self": "https://api.matsmart.se/api/v1.0/products/40416", "best_before": "1540767600", "product_contents": [{"id": "160046", "self": "https://cdn4.matsmart.se/sites/se/files/product_contents/alku_ruis_taateli_innehall.jpg", "filemime": "image/jpeg", "filesize": "619640", "width": "739", "height": "1098", "styles": ""}], "sku": "MS103590", "gtin": "6419811100108", "images": [{"id": "160041", "self": "https://cdn2.matsmart.se/sites/se/files/products/alku_ruis_taateli.jpg", "filemime": "image/jpeg", "filesize": "459138", "width": "800", "height": "800", "styles": {"product_full": "https://cdn2.matsmart.se/sites/se/files/styles/product_full/public/products/alku_ruis_taateli.jpg?itok=nal4Q3b5", "product_full_2x": "https://cdn2.matsmart.se/sites/se/files/styles/product_full_2x/public/products/alku_ruis_taateli.jpg?itok=kQqtbUtJ", "product_teaser": "https://cdn2.matsmart.se/sites/se/files/styles/product_teaser/public/products/alku_ruis_taateli.jpg?itok=aDso7Ofy", "product_teaser_2x": "https://cdn2.matsmart.se/sites/se/files/styles/product_teaser_2x/public/products/alku_ruis_taateli.jpg?itok=Vago137b", "product_zoom": "https://cdn2.matsmart.se/sites/se/files/styles/product_zoom/public/products/alku_ruis_taateli.jpg?itok=nyc22tsY"}}], "max_purchase": "", "prices": {"comparison_price": "40,00 kr/g", "price": {"amount": "2000", "currency_code": "SEK", "data": {"components": []}}, "old_price": {"amount": "2990", "currency_code": "SEK", "data": {"components": []}}}, "size": "500g", "status": "1", "stock": 0, "vat_rate": "se_intermediate", "volume": {"length": "14.50000", "width": "6.50000", "height": "22.00000", "unit": "cm"}, "weight": {"weight": "558.00000", "unit": "g"}, "product_category": null, "suppliers": [], "seasonal_themes": []}], "published": "0", "status": "0", "sticky": "0", "tags": ["214"]}, {"id": "127681", "label": "Havregryn", "self": "https://api.matsmart.se/api/v1.0/product-displays/127681", "brand": null, "brand_name": "", "categories": [], "created": "1578400914", "exclude_from_list": true, "product_info": "Havregryn en fullkornsprodukt, rik p\u00e5 mineralerna j\u00e4rn och zink samt vitaminerna tiamin och folsyra. V\u00e5ra havregryn kan anv\u00e4ndas till allt fr\u00e5n goda frukostar som gr\u00f6t, m\u00fcsli och granola till l\u00e4ckra bakverk och mellanm\u00e5l!", "market": "SE", "products": [{"id": "40926", "label": "Havregryn 1,5kg", "self": "https://api.matsmart.se/api/v1.0/products/40926", "best_before": "1604098800", "product_contents": [{"id": "163726", "self": "https://cdn2.matsmart.se/sites/se/files/product_contents/axa_havregryn_15kg_innehall.jpg", "filemime": "image/jpeg", "filesize": "243060", "width": "800", "height": "800", "styles": ""}], "sku": "MS103673", "gtin": "7310130321085", "images": [{"id": "163721", "self": "https://cdn3.matsmart.se/sites/se/files/products/axa_havregryn_15kg_bp.jpg", "filemime": "image/jpeg", "filesize": "400416", "width": "800", "height": "800", "styles": {"product_full": "https://cdn3.matsmart.se/sites/se/files/styles/product_full/public/products/axa_havregryn_15kg_bp.jpg?itok=vmW-RRYj", "product_full_2x": "https://cdn3.matsmart.se/sites/se/files/styles/product_full_2x/public/products/axa_havregryn_15kg_bp.jpg?itok=keSDzfuw", "product_teaser": "https://cdn3.matsmart.se/sites/se/files/styles/product_teaser/public/products/axa_havregryn_15kg_bp.jpg?itok=KdTRl5Ut", "product_teaser_2x": "https://cdn3.matsmart.se/sites/se/files/styles/product_teaser_2x/public/products/axa_havregryn_15kg_bp.jpg?itok=TOWsvn8Z", "product_zoom": "https://cdn3.matsmart.se/sites/se/files/styles/product_zoom/public/products/axa_havregryn_15kg_bp.jpg?itok=x3ExzCrD"}}], "max_purchase": "", "prices": {"comparison_price": "13,33 kr/kg", "price": {"amount": "2000", "currency_code": "SEK", "data": {"components": []}}, "old_price": {"amount": "2200", "currency_code": "SEK", "data": {"components": []}}}, "size": "1,5kg", "status": "1", "stock": 0, "vat_rate": "se_intermediate", "volume": {"length": "25.50000", "width": "16.50000", "height": "9.50000", "unit": "cm"}, "weight": {"weight": "1510.00000", "unit": "g"}, "product_category": "20726", "suppliers": [], "seasonal_themes": []}], "published": "0", "status": "0", "sticky": "0", "tags": ["21721"]}, {"id": "130016", "label": "Ris & Quinoa \"Veggie Snack\" 69g", "self": "https://api.matsmart.se/api/v1.0/product-displays/130016", "brand": "373", "brand_name": "Knorr", "categories": ["14926"], "created": "1542374358", "exclude_from_list": null, "product_info": "Ris och quinoa med gr\u00f6nsaks- och gr\u00f6n currymix samt l\u00f6k och krutonger. V\u00e4rms enkelt i koppen.", "market": "SE", "products": [{"id": "41666", "label": "Knorr 69g Veggie Snack Thai Green Curry", "self": "https://api.matsmart.se/api/v1.0/products/41666", "best_before": "1556575200", "product_contents": [{"id": "168376", "self": "https://cdn4.matsmart.se/sites/se/files/product_contents/knorr_veggie_snack_rice_quinoa_innehall.jpg", "filemime": "image/jpeg", "filesize": "432451", "width": "800", "height": "800", "styles": ""}], "sku": "MS103817", "gtin": "8714100868713", "images": [{"id": "168371", "self": "https://cdn1.matsmart.se/sites/se/files/products/knorr_veggie_snack_rice_quinoa.jpg", "filemime": "image/jpeg", "filesize": "537953", "width": "800", "height": "800", "styles": {"product_full": "https://cdn1.matsmart.se/sites/se/files/styles/product_full/public/products/knorr_veggie_snack_rice_quinoa.jpg?itok=LHCJxOan", "product_full_2x": "https://cdn1.matsmart.se/sites/se/files/styles/product_full_2x/public/products/knorr_veggie_snack_rice_quinoa.jpg?itok=YFvIDm2g", "product_teaser": "https://cdn1.matsmart.se/sites/se/files/styles/product_teaser/public/products/knorr_veggie_snack_rice_quinoa.jpg?itok=Z3rOGOg4", "product_teaser_2x": "https://cdn1.matsmart.se/sites/se/files/styles/product_teaser_2x/public/products/knorr_veggie_snack_rice_quinoa.jpg?itok=M1q22Ulg", "product_zoom": "https://cdn1.matsmart.se/sites/se/files/styles/product_zoom/public/products/knorr_veggie_snack_rice_quinoa.jpg?itok=iLIv1KPZ"}}], "max_purchase": "", "prices": {"comparison_price": "289,85 kr/kg", "price": {"amount": "2000", "currency_code": "SEK", "data": {"components": []}}, "old_price": {"amount": "2890", "currency_code": "SEK", "data": {"components": []}}, "price_table": {"amount": "1650", "currency_code": "SEK", "min_qty": "6", "max_qty": "-1", "data": {"components": []}}}, "size": "69g", "status": "1", "stock": 0, "vat_rate": "se_intermediate", "volume": {"length": "9.00000", "width": "12.00000", "height": "12.00000", "unit": "cm"}, "weight": {"weight": "96.00000", "unit": "g"}, "product_category": null, "suppliers": [], "seasonal_themes": []}], "published": "0", "status": "0", "sticky": "0", "tags": ["15376"]}, {"id": "1408", "label": "Boveteflingor Jordgubbar", "self": "https://api.matsmart.se/api/v1.0/product-displays/1408", "brand": "998", "brand_name": "Naturens skafferi", "categories": [], "created": "1460722671", "exclude_from_list": null, "product_info": "Bovete \u00e4r l\u00e4ttsm\u00e4lt och har en unik sammans\u00e4ttning av fiber, mineraler och vitaminer, dessutom \u00e4r det helt naturligt fritt fr\u00e5n gluten. Naturens Skafferi Bovete miniflingor med jordgubbsbitar \u00e4r smakfulla, krispiga och passar utm\u00e4rkt som frukost- eller mellanm\u00e5l tillsammans med yoghurt, fil eller mj\u00f6lk.\u00a0Ett gott och ekologiskt alternativ! Glutenfria samt ekologiska.", "market": "SE", "products": [{"id": "1271", "label": "UTG\u00c5ENDE Boveteflingor - med jordgubbar", "self": "https://api.matsmart.se/api/v1.0/products/1271", "best_before": "1475100000", "product_contents": [{"id": "10979", "self": "https://cdn3.matsmart.se/sites/se/files/product_contents/boveteflingor_jordgubb_innehall.jpg", "filemime": "image/jpeg", "filesize": "163159", "width": "800", "height": "800", "styles": ""}], "sku": "7350020131400", "gtin": "", "images": [{"id": "10845", "self": "https://cdn3.matsmart.se/sites/se/files/products/bovete_jordgubbar.jpg", "filemime": "image/jpeg", "filesize": "379633", "width": "800", "height": "800", "styles": {"product_full": "https://cdn3.matsmart.se/sites/se/files/styles/product_full/public/products/bovete_jordgubbar.jpg?itok=U4YvMuEf", "product_full_2x": "https://cdn3.matsmart.se/sites/se/files/styles/product_full_2x/public/products/bovete_jordgubbar.jpg?itok=jOkz1hn4", "product_teaser": "https://cdn3.matsmart.se/sites/se/files/styles/product_teaser/public/products/bovete_jordgubbar.jpg?itok=BZscX8kZ", "product_teaser_2x": "https://cdn3.matsmart.se/sites/se/files/styles/product_teaser_2x/public/products/bovete_jordgubbar.jpg?itok=sPjyiyph", "product_zoom": "https://cdn3.matsmart.se/sites/se/files/styles/product_zoom/public/products/bovete_jordgubbar.jpg?itok=VAoukemr"}}], "max_purchase": "", "prices": {"comparison_price": "77.33 kr/kg", "price": {"amount": "2900", "currency_code": "SEK", "data": {"components": []}}, "old_price": {"amount": "4800", "currency_code": "SEK", "data": {"components": []}}, "price_table": {"amount": "2500", "currency_code": "SEK", "min_qty": "2", "max_qty": "-1", "data": {"components": []}}}, "size": "375g", "status": "1", "stock": 0, "vat_rate": "se_intermediate", "volume": {"length": "19.00000", "width": "6.00000", "height": "6.00000", "unit": "cm"}, "weight": {"weight": "442.00000", "unit": "g"}, "product_category": null, "suppliers": [], "seasonal_themes": []}], "published": "0", "status": "0", "sticky": "0", "tags": ["679"]}, {"id": "1588", "label": "Schweppes Russchian", "self": "https://api.matsmart.se/api/v1.0/product-displays/1588", "brand": "447", "brand_name": "Schweppes", "categories": [], "created": "1415362382", "exclude_from_list": null, "product_info": "Klassisk russchian L\u00e4skedryck.", "market": "SE", "products": [{"id": "1445", "label": "UTG\u00c5ENDE Schweppes Russchian", "self": "https://api.matsmart.se/api/v1.0/products/1445", "best_before": "1400882400", "product_contents": [{"id": "2804", "self": "https://cdn4.matsmart.se/sites/se/files/product_contents/schweppes-russchian-150cl-back.jpg", "filemime": "image/jpeg", "filesize": "23743", "width": "800", "height": "226", "styles": ""}], "sku": "7310401003276", "gtin": null, "images": [{"id": "2803", "self": "https://cdn1.matsmart.se/sites/se/files/products/schweppes-russchian-150cl.jpg", "filemime": "image/jpeg", "filesize": "21123", "width": "800", "height": "800", "styles": {"product_full": "https://cdn1.matsmart.se/sites/se/files/styles/product_full/public/products/schweppes-russchian-150cl.jpg?itok=4-5A3wAr", "product_full_2x": "https://cdn1.matsmart.se/sites/se/files/styles/product_full_2x/public/products/schweppes-russchian-150cl.jpg?itok=rXPD_GDv", "product_teaser": "https://cdn1.matsmart.se/sites/se/files/styles/product_teaser/public/products/schweppes-russchian-150cl.jpg?itok=nWUfsK_n", "product_teaser_2x": "https://cdn1.matsmart.se/sites/se/files/styles/product_teaser_2x/public/products/schweppes-russchian-150cl.jpg?itok=09_TD3k5", "product_zoom": "https://cdn1.matsmart.se/sites/se/files/styles/product_zoom/public/products/schweppes-russchian-150cl.jpg?itok=RDOGoSpn"}}], "max_purchase": "", "prices": {"comparison_price": "4 kr/liter", "price": {"amount": "600", "currency_code": "SEK", "data": {"components": []}}, "old_price": {"amount": "1990", "currency_code": "SEK", "data": {"components": []}}, "container_deposit": {"amount": "200", "currency_code": "SEK", "data": {"components": []}}}, "size": "1.5 L", "status": "1", "stock": 0, "vat_rate": "se_intermediate", "volume": {"length": "32.00000", "width": "9.00000", "height": "9.00000", "unit": "cm"}, "weight": {"weight": "1590.00000", "unit": "g"}, "product_category": null, "suppliers": [], "seasonal_themes": []}], "published": "0", "status": "0", "sticky": "0", "tags": []}, {"id": "15992", "label": "Fullkornsbulgur & Quinoa 250g", "self": "https://api.matsmart.se/api/v1.0/product-displays/15992", "brand": "639", "brand_name": "Zeta", "categories": ["14921"], "created": "1479733201", "exclude_from_list": null, "product_info": "Ekologisk fullkornsbulgur och quinoa, passar\u00a0utm\u00e4rkt till varmr\u00e4tter eller i matiga sallader.\u00a0", "market": "SE", "products": [{"id": "7755", "label": "UTG\u00c5ENDE Ekologisk fullkornsbulgur &amp; quinoa 250g", "self": "https://api.matsmart.se/api/v1.0/products/7755", "best_before": "1508018400", "product_contents": [{"id": "14862", "self": "https://cdn3.matsmart.se/sites/se/files/product_contents/fullkornsbulgur_zeta_quinoa_innehall.png", "filemime": "image/png", "filesize": "31325", "width": "404", "height": "264", "styles": ""}], "sku": "7350002407684", "gtin": "", "images": [{"id": "14861", "self": "https://cdn3.matsmart.se/sites/se/files/products/ekologisk_fullkornsbulgur_quinoa_zeta.jpg", "filemime": "image/jpeg", "filesize": "252971", "width": "800", "height": "800", "styles": {"product_full": "https://cdn3.matsmart.se/sites/se/files/styles/product_full/public/products/ekologisk_fullkornsbulgur_quinoa_zeta.jpg?itok=-r3P5jNG", "product_full_2x": "https://cdn3.matsmart.se/sites/se/files/styles/product_full_2x/public/products/ekologisk_fullkornsbulgur_quinoa_zeta.jpg?itok=iZN-UFYs", "product_teaser": "https://cdn3.matsmart.se/sites/se/files/styles/product_teaser/public/products/ekologisk_fullkornsbulgur_quinoa_zeta.jpg?itok=LcJvYjb0", "product_teaser_2x": "https://cdn3.matsmart.se/sites/se/files/styles/product_teaser_2x/public/products/ekologisk_fullkornsbulgur_quinoa_zeta.jpg?itok=Piek-IqZ", "product_zoom": "https://cdn3.matsmart.se/sites/se/files/styles/product_zoom/public/products/ekologisk_fullkornsbulgur_quinoa_zeta.jpg?itok=KRh_pOLV"}}], "max_purchase": "", "prices": {"comparison_price": "20,00 kr/kg", "price": {"amount": "500", "currency_code": "SEK", "data": {"components": []}}, "old_price": {"amount": "1690", "currency_code": "SEK", "data": {"components": []}}}, "size": "250g", "status": "1", "stock": 0, "vat_rate": "se_intermediate", "volume": {"length": "14.00000", "width": "9.00000", "height": "5.00000", "unit": "cm"}, "weight": {"weight": "254.00000", "unit": "g"}, "product_category": null, "suppliers": [], "seasonal_themes": []}], "published": "0", "status": "0", "sticky": "0", "tags": ["679"]}, {"id": "16002", "label": "R\u00f6d Quinoa 300g", "self": "https://api.matsmart.se/api/v1.0/product-displays/16002", "brand": "978", "brand_name": "Kung Markatta", "categories": [], "created": "1479733201", "exclude_from_list": null, "product_info": "R\u00f6d quinoa, ett proteinrikare alternativ till ris, pasta eller potatis. Fastare i konsistensen \u00e4n vit quinoa och ett f\u00e4rglatt inslag i sallader och grat\u00e4nger.\u00a0", "market": "SE", "products": [{"id": "7760", "label": "UTG\u00c5ENDE R\u00f6d Quinoa 300g", "self": "https://api.matsmart.se/api/v1.0/products/7760", "best_before": "1494885600", "product_contents": [{"id": "14900", "self": "https://cdn3.matsmart.se/sites/se/files/product_contents/rod_quinoa_kung_markatta_innehall.jpg", "filemime": "image/jpeg", "filesize": "94968", "width": "800", "height": "800", "styles": ""}], "sku": "7391835918060", "gtin": "", "images": [{"id": "14899", "self": "https://cdn2.matsmart.se/sites/se/files/products/quinoa_rod_kung_markatta.jpg", "filemime": "image/jpeg", "filesize": "316508", "width": "700", "height": "700", "styles": {"product_full": "https://cdn2.matsmart.se/sites/se/files/styles/product_full/public/products/quinoa_rod_kung_markatta.jpg?itok=yvvFL-er", "product_full_2x": "https://cdn2.matsmart.se/sites/se/files/styles/product_full_2x/public/products/quinoa_rod_kung_markatta.jpg?itok=MC9o19tt", "product_teaser": "https://cdn2.matsmart.se/sites/se/files/styles/product_teaser/public/products/quinoa_rod_kung_markatta.jpg?itok=dXGDbSpe", "product_teaser_2x": "https://cdn2.matsmart.se/sites/se/files/styles/product_teaser_2x/public/products/quinoa_rod_kung_markatta.jpg?itok=_mgV0ZMa", "product_zoom": "https://cdn2.matsmart.se/sites/se/files/styles/product_zoom/public/products/quinoa_rod_kung_markatta.jpg?itok=Vbv-s-wa"}}], "max_purchase": "", "prices": {"comparison_price": "16,66 kr/kg", "price": {"amount": "500", "currency_code": "SEK", "data": {"components": []}}, "old_price": {"amount": "1990", "currency_code": "SEK", "data": {"components": []}}}, "size": "300g", "status": "1", "stock": 0, "vat_rate": "se_intermediate", "volume": {"length": "16.00000", "width": "8.00000", "height": "4.00000", "unit": "cm"}, "weight": {"weight": "314.00000", "unit": "g"}, "product_category": null, "suppliers": [], "seasonal_themes": []}], "published": "0", "status": "0", "sticky": "0", "tags": ["679"]}, {"id": "16158", "label": "Kn\u00e4ckebr\u00f6d Chiafr\u00f6n 200g", "self": "https://api.matsmart.se/api/v1.0/product-displays/16158", "brand": "978", "brand_name": "Kung Markatta", "categories": [], "created": "1508498550", "exclude_from_list": null, "product_info": "Krispigt kn\u00e4ckebr\u00f6d av fullkornsvete som bestr\u00f6tts med chia-, solros-, och sesamfr\u00f6n. Gott att \u00e4ta som det \u00e4r - grymt med ditt faovritp\u00e5l\u00e4gg. Ekologiskt!", "market": "SE", "products": [{"id": "7838", "label": "UTG\u00c5ENDE Gourmetkn\u00e4cke m chia", "self": "https://api.matsmart.se/api/v1.0/products/7838", "best_before": "1514674800", "product_contents": [{"id": "14798", "self": "https://cdn1.matsmart.se/sites/se/files/product_contents/gourmetknacke_chia_knackebrod_kung_markatta_innehall.png", "filemime": "image/png", "filesize": "48719", "width": "404", "height": "376", "styles": ""}], "sku": "7391835918114", "gtin": "7391835918114", "images": [{"id": "14797", "self": "https://cdn2.matsmart.se/sites/se/files/products/kung_markatta_knackebrod_gourmetknacke_chia.jpg", "filemime": "image/jpeg", "filesize": "479500", "width": "800", "height": "800", "styles": {"product_full": "https://cdn2.matsmart.se/sites/se/files/styles/product_full/public/products/kung_markatta_knackebrod_gourmetknacke_chia.jpg?itok=860_u1tz", "product_full_2x": "https://cdn2.matsmart.se/sites/se/files/styles/product_full_2x/public/products/kung_markatta_knackebrod_gourmetknacke_chia.jpg?itok=7QzcA5Oe", "product_teaser": "https://cdn2.matsmart.se/sites/se/files/styles/product_teaser/public/products/kung_markatta_knackebrod_gourmetknacke_chia.jpg?itok=jI4PrpbM", "product_teaser_2x": "https://cdn2.matsmart.se/sites/se/files/styles/product_teaser_2x/public/products/kung_markatta_knackebrod_gourmetknacke_chia.jpg?itok=sCJ4QAUq", "product_zoom": "https://cdn2.matsmart.se/sites/se/files/styles/product_zoom/public/products/kung_markatta_knackebrod_gourmetknacke_chia.jpg?itok=QodqpS_D"}}], "max_purchase": "", "prices": {"comparison_price": "145,00 kr/kg", "price": {"amount": "2900", "currency_code": "SEK", "data": {"components": []}}, "old_price": {"amount": "3790", "currency_code": "SEK", "data": {"components": []}}}, "size": "200g", "status": "1", "stock": 0, "vat_rate": "se_intermediate", "volume": {"length": "16.00000", "width": "9.50000", "height": "7.50000", "unit": "cm"}, "weight": {"weight": "241.00000", "unit": "g"}, "product_category": null, "suppliers": [], "seasonal_themes": []}], "published": "0", "status": "0", "sticky": "0", "tags": ["679"]}, {"id": "16360", "label": "Hel L\u00e5da Bars Chia & Blandade B\u00e4r 12 x 36g", "self": "https://api.matsmart.se/api/v1.0/product-displays/16360", "brand": "9215", "brand_name": "Made Good", "categories": ["566"], "created": "1481204408", "exclude_from_list": null, "product_info": "Hel l\u00e5da - 12 stycken frukt- och n\u00f6tbars, h\u00e4r av bl\u00e5b\u00e4r, hallon, chiafr\u00f6n och kokos. Dessa bars \u00e4r ekologiska och helt fria fr\u00e5n gluten och helt utan tillsatt socker, samtidigt som de \u00e4r fyllda med nyttiga antioxidanter och fiber!", "market": "SE", "products": [{"id": "7936", "label": "UTG\u00c5ENDE Hel L\u00e5da MadeGood Chia &amp; B\u00e4r", "self": "https://api.matsmart.se/api/v1.0/products/7936", "best_before": "1487199600", "product_contents": [{"id": "15499", "self": "https://cdn1.matsmart.se/sites/se/files/product_contents/made_good_chia_bars_berries_hel_lada_innehall.png", "filemime": "image/png", "filesize": "26489", "width": "288", "height": "204", "styles": ""}], "sku": "687456111124", "gtin": "", "images": [{"id": "15498", "self": "https://cdn4.matsmart.se/sites/se/files/products/made_good_chia_bars_berries_hel_lada.jpg", "filemime": "image/jpeg", "filesize": "440264", "width": "800", "height": "800", "styles": {"product_full": "https://cdn4.matsmart.se/sites/se/files/styles/product_full/public/products/made_good_chia_bars_berries_hel_lada.jpg?itok=fiBzbTET", "product_full_2x": "https://cdn4.matsmart.se/sites/se/files/styles/product_full_2x/public/products/made_good_chia_bars_berries_hel_lada.jpg?itok=IRUeFqWT", "product_teaser": "https://cdn4.matsmart.se/sites/se/files/styles/product_teaser/public/products/made_good_chia_bars_berries_hel_lada.jpg?itok=ulQqIW9C", "product_teaser_2x": "https://cdn4.matsmart.se/sites/se/files/styles/product_teaser_2x/public/products/made_good_chia_bars_berries_hel_lada.jpg?itok=CWxIG0BV", "product_zoom": "https://cdn4.matsmart.se/sites/se/files/styles/product_zoom/public/products/made_good_chia_bars_berries_hel_lada.jpg?itok=ofXKhyFr"}}], "max_purchase": "", "prices": {"comparison_price": "229,16 kr/kg", "price": {"amount": "9900", "currency_code": "SEK", "data": {"components": []}}, "old_price": {"amount": "23880", "currency_code": "SEK", "data": {"components": []}}}, "size": "12 x 36g", "status": "1", "stock": 0, "vat_rate": "se_intermediate", "volume": {"length": "18.00000", "width": "13.50000", "height": "5.50000", "unit": "cm"}, "weight": {"weight": "540.00000", "unit": "g"}, "product_category": null, "suppliers": [], "seasonal_themes": []}], "published": "0", "status": "0", "sticky": "0", "tags": ["679", "1933"]}, {"id": "16767", "label": "Majskakor Chiafr\u00f6n & Havssalt", "self": "https://api.matsmart.se/api/v1.0/product-displays/16767", "brand": "125", "brand_name": "Friggs", "categories": ["14971"], "created": "1579177655", "exclude_from_list": false, "product_info": "Krispiga, glutenfria majskakor med chia fr\u00f6n och havssalt. Inneh\u00e5ller endast naturliga ingredienser och \u00e4r \u00e4ven nyckelh\u00e5lsm\u00e4rkta.", "market": "SE", "products": [{"id": "8132", "label": "UTG\u00c5ENDE Majskaka Chiafr\u00f6n", "self": "https://api.matsmart.se/api/v1.0/products/8132", "best_before": "1584572400", "product_contents": [{"id": "333991", "self": "https://cdn2.matsmart.se/sites/se/files/product_contents/friggs_1.jpg", "filemime": "image/jpeg", "filesize": "293119", "width": "800", "height": "800", "styles": ""}], "sku": "7350028543762", "gtin": "7350028543762", "images": [{"id": "16393", "self": "https://cdn1.matsmart.se/sites/se/files/products/friggs_havssalt_friggs_chiafro.jpg", "filemime": "image/jpeg", "filesize": "265769", "width": "800", "height": "800", "styles": {"product_full": "https://cdn1.matsmart.se/sites/se/files/styles/product_full/public/products/friggs_havssalt_friggs_chiafro.jpg?itok=xvi4peC-", "product_full_2x": "https://cdn1.matsmart.se/sites/se/files/styles/product_full_2x/public/products/friggs_havssalt_friggs_chiafro.jpg?itok=urCZroNK", "product_teaser": "https://cdn1.matsmart.se/sites/se/files/styles/product_teaser/public/products/friggs_havssalt_friggs_chiafro.jpg?itok=5QdiaZHQ", "product_teaser_2x": "https://cdn1.matsmart.se/sites/se/files/styles/product_teaser_2x/public/products/friggs_havssalt_friggs_chiafro.jpg?itok=zn_hzZxk", "product_zoom": "https://cdn1.matsmart.se/sites/se/files/styles/product_zoom/public/products/friggs_havssalt_friggs_chiafro.jpg?itok=U4OvW7ns"}}], "max_purchase": "", "prices": {"comparison_price": "115,38 kr/kg", "price": {"amount": "1500", "currency_code": "SEK", "data": {"components": []}}, "old_price": {"amount": "1995", "currency_code": "SEK", "data": {"components": []}}, "price_table": {"amount": "1250", "currency_code": "SEK", "min_qty": "2", "max_qty": "-1", "data": {"components": []}}}, "size": "130 g", "status": "1", "stock": 0, "vat_rate": "se_intermediate", "volume": {"length": "20.00000", "width": "9.00000", "height": "9.00000", "unit": "cm"}, "weight": {"weight": "136.00000", "unit": "g"}, "product_category": "20776", "suppliers": [], "seasonal_themes": []}], "published": "0", "status": "0", "sticky": "0", "tags": ["557", "9398", "22756"]}, {"id": "17171", "label": "Fiberhavregryn 500g", "self": "https://api.matsmart.se/api/v1.0/product-displays/17171", "brand": "9187", "brand_name": "Gyllenhammars", "categories": [], "created": "1487861104", "exclude_from_list": null, "product_info": "Fiberrika havregryn med tillsatt havrekli. Nyckelh\u00e5ls-m\u00e4rkt!", "market": "SE", "products": [{"id": "8329", "label": "UTG\u00c5ENDE Fiberhavregryn Gyllenhammars 500g", "self": "https://api.matsmart.se/api/v1.0/products/8329", "best_before": "1498860000", "product_contents": [{"id": "17562", "self": "https://cdn3.matsmart.se/sites/se/files/product_contents/gyllen_hammars_fiber_havre_gryn_innehall.png", "filemime": "image/png", "filesize": "50765", "width": "422", "height": "450", "styles": ""}], "sku": "7310130321252", "gtin": null, "images": [{"id": "17561", "self": "https://cdn1.matsmart.se/sites/se/files/products/fiber_havre_gryn_gyllen_hammars.jpg", "filemime": "image/jpeg", "filesize": "497799", "width": "800", "height": "800", "styles": {"product_full": "https://cdn1.matsmart.se/sites/se/files/styles/product_full/public/products/fiber_havre_gryn_gyllen_hammars.jpg?itok=s1Ne4Lcs", "product_full_2x": "https://cdn1.matsmart.se/sites/se/files/styles/product_full_2x/public/products/fiber_havre_gryn_gyllen_hammars.jpg?itok=XgMK2lor", "product_teaser": "https://cdn1.matsmart.se/sites/se/files/styles/product_teaser/public/products/fiber_havre_gryn_gyllen_hammars.jpg?itok=RQPrtp-l", "product_teaser_2x": "https://cdn1.matsmart.se/sites/se/files/styles/product_teaser_2x/public/products/fiber_havre_gryn_gyllen_hammars.jpg?itok=crTZq89H", "product_zoom": "https://cdn1.matsmart.se/sites/se/files/styles/product_zoom/public/products/fiber_havre_gryn_gyllen_hammars.jpg?itok=1nT0bYXK"}}], "max_purchase": "", "prices": {"comparison_price": "20,00 kr/kg", "price": {"amount": "1000", "currency_code": "SEK", "data": {"components": []}}, "old_price": {"amount": "1490", "currency_code": "SEK", "data": {"components": []}}}, "size": "500g", "status": "1", "stock": 0, "vat_rate": "se_intermediate", "volume": {"length": "13.50000", "width": "13.00000", "height": "8.50000", "unit": "cm"}, "weight": {"weight": "540.00000", "unit": "g"}, "product_category": null, "suppliers": [], "seasonal_themes": []}], "published": "0", "status": "0", "sticky": "0", "tags": []}, {"id": "17173", "label": "Havregryn", "self": "https://api.matsmart.se/api/v1.0/product-displays/17173", "brand": "9187", "brand_name": "Gyllenhammars", "categories": [], "created": "1572429856", "exclude_from_list": true, "product_info": "Extra tunna och fina havregryn som kokas snabbt. Nyckelh\u00e5lsm\u00e4rkta!", "market": "SE", "products": [{"id": "8330", "label": "UTG\u00c5ENDE Havregryn Gyllenhammars 500g", "self": "https://api.matsmart.se/api/v1.0/products/8330", "best_before": "1593208800", "product_contents": [{"id": "310656", "self": "https://cdn1.matsmart.se/sites/se/files/product_contents/gyllenhammars_havregryn_innehall.jpg", "filemime": "image/jpeg", "filesize": "380148", "width": "800", "height": "800", "styles": ""}], "sku": "7310130321269", "gtin": "7310130321269", "images": [{"id": "17564", "self": "https://cdn4.matsmart.se/sites/se/files/products/gyllen_hammars_havre_gryn.jpg", "filemime": "image/jpeg", "filesize": "376533", "width": "800", "height": "800", "styles": {"product_full": "https://cdn4.matsmart.se/sites/se/files/styles/product_full/public/products/gyllen_hammars_havre_gryn.jpg?itok=broQDQFh", "product_full_2x": "https://cdn4.matsmart.se/sites/se/files/styles/product_full_2x/public/products/gyllen_hammars_havre_gryn.jpg?itok=LCxBQmMv", "product_teaser": "https://cdn4.matsmart.se/sites/se/files/styles/product_teaser/public/products/gyllen_hammars_havre_gryn.jpg?itok=usr58g7l", "product_teaser_2x": "https://cdn4.matsmart.se/sites/se/files/styles/product_teaser_2x/public/products/gyllen_hammars_havre_gryn.jpg?itok=dn5HXgb7", "product_zoom": "https://cdn4.matsmart.se/sites/se/files/styles/product_zoom/public/products/gyllen_hammars_havre_gryn.jpg?itok=ABtDamca"}}], "max_purchase": "", "prices": {"comparison_price": "20,00 kr/kg", "price": {"amount": "1000", "currency_code": "SEK", "data": {"components": []}}, "old_price": {"amount": "1390", "currency_code": "SEK", "data": {"components": []}}}, "size": "500g", "status": "1", "stock": 0, "vat_rate": "se_intermediate", "volume": {"length": "13.50000", "width": "13.00000", "height": "8.50000", "unit": "cm"}, "weight": {"weight": "533.00000", "unit": "g"}, "product_category": "20726", "suppliers": [], "seasonal_themes": []}], "published": "0", "status": "0", "sticky": "0", "tags": []}, {"id": "17288", "label": "Kn\u00e4ckebr\u00f6d Chia & Vallmo 150g", "self": "https://api.matsmart.se/api/v1.0/product-displays/17288", "brand": "125", "brand_name": "Friggs", "categories": [], "created": "1532076739", "exclude_from_list": null, "product_info": "Krispiga, glutenfria kn\u00e4ckebr\u00f6d med smak av chiafr\u00f6 och vallmo. 14 stycken br\u00f6d.", "market": "SE", "products": [{"id": "8384", "label": "UTG\u00c5ENDE Kn\u00e4cke Chia &amp; Vallmo", "self": "https://api.matsmart.se/api/v1.0/products/8384", "best_before": "1542841200", "product_contents": [{"id": "84971", "self": "https://cdn4.matsmart.se/sites/se/files/product_contents/knacke_chia_innehall.jpg", "filemime": "image/jpeg", "filesize": "247836", "width": "800", "height": "800", "styles": ""}], "sku": "7350028544950", "gtin": "7350028544950", "images": [{"id": "17829", "self": "https://cdn3.matsmart.se/sites/se/files/products/knacke_chia_vallmo_brod_friggs.jpg", "filemime": "image/jpeg", "filesize": "290455", "width": "800", "height": "800", "styles": {"product_full": "https://cdn3.matsmart.se/sites/se/files/styles/product_full/public/products/knacke_chia_vallmo_brod_friggs.jpg?itok=GuU4CHHz", "product_full_2x": "https://cdn3.matsmart.se/sites/se/files/styles/product_full_2x/public/products/knacke_chia_vallmo_brod_friggs.jpg?itok=Nt9p_7nO", "product_teaser": "https://cdn3.matsmart.se/sites/se/files/styles/product_teaser/public/products/knacke_chia_vallmo_brod_friggs.jpg?itok=pe_vyCoD", "product_teaser_2x": "https://cdn3.matsmart.se/sites/se/files/styles/product_teaser_2x/public/products/knacke_chia_vallmo_brod_friggs.jpg?itok=PzaaydVK", "product_zoom": "https://cdn3.matsmart.se/sites/se/files/styles/product_zoom/public/products/knacke_chia_vallmo_brod_friggs.jpg?itok=rf25bbg4"}}], "max_purchase": "", "prices": {"comparison_price": "100,00 kr/kg", "price": {"amount": "1500", "currency_code": "SEK", "data": {"components": []}}, "old_price": {"amount": "1990", "currency_code": "SEK", "data": {"components": []}}}, "size": "150g", "status": "1", "stock": 0, "vat_rate": "se_intermediate", "volume": {"length": "15.00000", "width": "9.50000", "height": "4.50000", "unit": "cm"}, "weight": {"weight": "185.00000", "unit": "g"}, "product_category": null, "suppliers": [], "seasonal_themes": []}], "published": "0", "status": "0", "sticky": "0", "tags": ["9398"]}, {"id": "17308", "label": "Hel L\u00e5da N\u00f6tbars Chiafr\u00f6n & Tranb\u00e4r 18 x 35g", "self": "https://api.matsmart.se/api/v1.0/product-displays/17308", "brand": "125", "brand_name": "Friggs", "categories": ["566"], "created": "1485789047", "exclude_from_list": null, "product_info": "Hel l\u00e5da - 18 stycken goda n\u00f6tbars med chiafr\u00f6n och tranb\u00e4r. Perfekt mellanm\u00e5l. Priset per bar: 8,27 kronor/styck.", "market": "SE", "products": [{"id": "8394", "label": "UTG\u00c5ENDE Hel l\u00e5da Superfr\u00f6 Bar Chia &amp; Tranb\u00e4r", "self": "https://api.matsmart.se/api/v1.0/products/8394", "best_before": "1491602400", "product_contents": [{"id": "18042", "self": "https://cdn4.matsmart.se/sites/se/files/product_contents/chia_tranbar_bar_friggs_hel_lada_innehall.png", "filemime": "image/png", "filesize": "49102", "width": "451", "height": "358", "styles": ""}], "sku": "MS573", "gtin": null, "images": [{"id": "18041", "self": "https://cdn1.matsmart.se/sites/se/files/products/friggs_hel_lada_chiafro_tranbar_notbar_.jpg", "filemime": "image/jpeg", "filesize": "265408", "width": "800", "height": "800", "styles": {"product_full": "https://cdn1.matsmart.se/sites/se/files/styles/product_full/public/products/friggs_hel_lada_chiafro_tranbar_notbar_.jpg?itok=WgtPRl7k", "product_full_2x": "https://cdn1.matsmart.se/sites/se/files/styles/product_full_2x/public/products/friggs_hel_lada_chiafro_tranbar_notbar_.jpg?itok=Gfl3KQHl", "product_teaser": "https://cdn1.matsmart.se/sites/se/files/styles/product_teaser/public/products/friggs_hel_lada_chiafro_tranbar_notbar_.jpg?itok=07i0FJ4A", "product_teaser_2x": "https://cdn1.matsmart.se/sites/se/files/styles/product_teaser_2x/public/products/friggs_hel_lada_chiafro_tranbar_notbar_.jpg?itok=CzKNbvig", "product_zoom": "https://cdn1.matsmart.se/sites/se/files/styles/product_zoom/public/products/friggs_hel_lada_chiafro_tranbar_notbar_.jpg?itok=bYcJh-vl"}}], "max_purchase": "", "prices": {"comparison_price": "236,50 kr/kg", "price": {"amount": "14900", "currency_code": "SEK", "data": {"components": []}}, "old_price": {"amount": "29900", "currency_code": "SEK", "data": {"components": []}}}, "size": "18 x 35g", "status": "1", "stock": 0, "vat_rate": "se_intermediate", "volume": {"length": "24.00000", "width": "15.00000", "height": "6.00000", "unit": "cm"}, "weight": {"weight": "745.00000", "unit": "g"}, "product_category": null, "suppliers": [], "seasonal_themes": []}], "published": "0", "status": "0", "sticky": "0", "tags": []}, {"id": "17373", "label": "Barnmat Pumpa, Morot & Quinoa 190g", "self": "https://api.matsmart.se/api/v1.0/product-displays/17373", "brand": "9717", "brand_name": "Quinola", "categories": ["729"], "created": "1485849662", "exclude_from_list": null, "product_info": "Ekologisk barnmat av pumpa, mor\u00f6tter och quinoa. Helt fri fr\u00e5n gluten! F\u00f6r barn fr\u00e5n 10 m\u00e5nader och upp\u00e5t.", "market": "SE", "products": [{"id": "8426", "label": "UTG\u00c5ENDE Barnmat Butternut pumpa, Morot, Quinoa", "self": "https://api.matsmart.se/api/v1.0/products/8426", "best_before": "1486076400", "product_contents": [{"id": "18092", "self": "https://cdn3.matsmart.se/sites/se/files/product_contents/butternut_pumpkin_carrot_quinoa_barnmat_innehall.jpg", "filemime": "image/jpeg", "filesize": "342628", "width": "800", "height": "800", "styles": ""}], "sku": "3770002946213", "gtin": null, "images": [{"id": "18089", "self": "https://cdn2.matsmart.se/sites/se/files/products/butternut_squash_baby_barnmat_quinola_.jpg", "filemime": "image/jpeg", "filesize": "389159", "width": "800", "height": "800", "styles": {"product_full": "https://cdn2.matsmart.se/sites/se/files/styles/product_full/public/products/butternut_squash_baby_barnmat_quinola_.jpg?itok=VBYMiY1_", "product_full_2x": "https://cdn2.matsmart.se/sites/se/files/styles/product_full_2x/public/products/butternut_squash_baby_barnmat_quinola_.jpg?itok=TnXg9qAW", "product_teaser": "https://cdn2.matsmart.se/sites/se/files/styles/product_teaser/public/products/butternut_squash_baby_barnmat_quinola_.jpg?itok=GTJ12Cuq", "product_teaser_2x": "https://cdn2.matsmart.se/sites/se/files/styles/product_teaser_2x/public/products/butternut_squash_baby_barnmat_quinola_.jpg?itok=2Jd6quEe", "product_zoom": "https://cdn2.matsmart.se/sites/se/files/styles/product_zoom/public/products/butternut_squash_baby_barnmat_quinola_.jpg?itok=4YWrV5eG"}}], "max_purchase": "", "prices": {"comparison_price": "78,94 kr/kg", "price": {"amount": "1500", "currency_code": "SEK", "data": {"components": []}}, "old_price": {"amount": "3900", "currency_code": "SEK", "data": {"components": []}}, "price_table": {"amount": "1000", "currency_code": "SEK", "min_qty": "3", "max_qty": "-1", "data": {"components": []}}}, "size": "190g", "status": "1", "stock": 0, "vat_rate": "se_intermediate", "volume": {"length": "17.50000", "width": "11.00000", "height": "3.00000", "unit": "cm"}, "weight": {"weight": "211.00000", "unit": "g"}, "product_category": null, "suppliers": [], "seasonal_themes": []}], "published": "0", "status": "0", "sticky": "0", "tags": ["679"]}, {"id": "17375", "label": "Barnmat S\u00f6tpotatis, R\u00f6dbeta & Quinoa 190g", "self": "https://api.matsmart.se/api/v1.0/product-displays/17375", "brand": "9717", "brand_name": "Quinola", "categories": ["729"], "created": "1485850586", "exclude_from_list": null, "product_info": "Ekologisk barnmat av s\u00f6tpotatis, r\u00f6dbeta och quinoa. Helt fri fr\u00e5n gluten! F\u00f6r barn fr\u00e5n 6 m\u00e5nader och upp\u00e5t.", "market": "SE", "products": [{"id": "8427", "label": "UTG\u00c5ENDE Barnmat S\u00f6tpotatis, R\u00f6dbeta, Quinoa", "self": "https://api.matsmart.se/api/v1.0/products/8427", "best_before": "1486162800", "product_contents": [{"id": "18096", "self": "https://cdn2.matsmart.se/sites/se/files/product_contents/baby_sweet_potato_quinoa_beetrot_innehall.jpg", "filemime": "image/jpeg", "filesize": "227092", "width": "800", "height": "800", "styles": ""}], "sku": "3770002946220", "gtin": null, "images": [{"id": "18095", "self": "https://cdn3.matsmart.se/sites/se/files/products/sweet_potato_mother_grain_butternat_baby_barnmat.jpg", "filemime": "image/jpeg", "filesize": "311876", "width": "800", "height": "800", "styles": {"product_full": "https://cdn3.matsmart.se/sites/se/files/styles/product_full/public/products/sweet_potato_mother_grain_butternat_baby_barnmat.jpg?itok=cCx557wB", "product_full_2x": "https://cdn3.matsmart.se/sites/se/files/styles/product_full_2x/public/products/sweet_potato_mother_grain_butternat_baby_barnmat.jpg?itok=0RSr5F4W", "product_teaser": "https://cdn3.matsmart.se/sites/se/files/styles/product_teaser/public/products/sweet_potato_mother_grain_butternat_baby_barnmat.jpg?itok=k-DtrbZO", "product_teaser_2x": "https://cdn3.matsmart.se/sites/se/files/styles/product_teaser_2x/public/products/sweet_potato_mother_grain_butternat_baby_barnmat.jpg?itok=iIbEoWs2", "product_zoom": "https://cdn3.matsmart.se/sites/se/files/styles/product_zoom/public/products/sweet_potato_mother_grain_butternat_baby_barnmat.jpg?itok=qGKoV29X"}}], "max_purchase": "", "prices": {"comparison_price": "78,94 kr/kg", "price": {"amount": "1500", "currency_code": "SEK", "data": {"components": []}}, "old_price": {"amount": "3900", "currency_code": "SEK", "data": {"components": []}}, "price_table": {"amount": "1000", "currency_code": "SEK", "min_qty": "3", "max_qty": "-1", "data": {"components": []}}}, "size": "190g", "status": "1", "stock": 0, "vat_rate": "se_intermediate", "volume": {"length": "17.50000", "width": "11.00000", "height": "3.00000", "unit": "cm"}, "weight": {"weight": "211.00000", "unit": "g"}, "product_category": null, "suppliers": [], "seasonal_themes": []}], "published": "0", "status": "0", "sticky": "0", "tags": ["679"]}, {"id": "17377", "label": "Barnmat Pintob\u00f6na, Majs & Quinoa 190g", "self": "https://api.matsmart.se/api/v1.0/product-displays/17377", "brand": "9717", "brand_name": "Quinola", "categories": ["729"], "created": "1485850067", "exclude_from_list": null, "product_info": "Ekologisk barnmat av pintob\u00f6nor, majs och quinoa. Helt fri fr\u00e5n gluten! F\u00f6r barn fr\u00e5n 8 m\u00e5nader och upp\u00e5t.", "market": "SE", "products": [{"id": "8428", "label": "UTG\u00c5ENDE Barnmat Pintob\u00f6na, Majs, Quinoa", "self": "https://api.matsmart.se/api/v1.0/products/8428", "best_before": "1485990000", "product_contents": [{"id": "18094", "self": "https://cdn3.matsmart.se/sites/se/files/product_contents/baby_pinto_bona_barnmat_quinola_innehall.jpg", "filemime": "image/jpeg", "filesize": "192525", "width": "800", "height": "800", "styles": ""}], "sku": "3770002946251", "gtin": null, "images": [{"id": "18093", "self": "https://cdn4.matsmart.se/sites/se/files/products/mother_grain_pinto_bean_barnmat_baby_quinola.jpg", "filemime": "image/jpeg", "filesize": "302735", "width": "800", "height": "800", "styles": {"product_full": "https://cdn4.matsmart.se/sites/se/files/styles/product_full/public/products/mother_grain_pinto_bean_barnmat_baby_quinola.jpg?itok=MVUbaCux", "product_full_2x": "https://cdn4.matsmart.se/sites/se/files/styles/product_full_2x/public/products/mother_grain_pinto_bean_barnmat_baby_quinola.jpg?itok=Dqn9CSOf", "product_teaser": "https://cdn4.matsmart.se/sites/se/files/styles/product_teaser/public/products/mother_grain_pinto_bean_barnmat_baby_quinola.jpg?itok=ndOkH0Mj", "product_teaser_2x": "https://cdn4.matsmart.se/sites/se/files/styles/product_teaser_2x/public/products/mother_grain_pinto_bean_barnmat_baby_quinola.jpg?itok=Zl5x83Vi", "product_zoom": "https://cdn4.matsmart.se/sites/se/files/styles/product_zoom/public/products/mother_grain_pinto_bean_barnmat_baby_quinola.jpg?itok=hostLGNr"}}], "max_purchase": "", "prices": {"comparison_price": "78,94 kr/kg", "price": {"amount": "1500", "currency_code": "SEK", "data": {"components": []}}, "old_price": {"amount": "3900", "currency_code": "SEK", "data": {"components": []}}}, "size": "190g", "status": "1", "stock": 0, "vat_rate": "se_intermediate", "volume": {"length": "17.50000", "width": "11.00000", "height": "3.00000", "unit": "cm"}, "weight": {"weight": "211.00000", "unit": "g"}, "product_category": null, "suppliers": [], "seasonal_themes": []}], "published": "0", "status": "0", "sticky": "0", "tags": ["679"]}, {"id": "17379", "label": "Barnmat Morot, R\u00f6da Linser & Quinoa 190g", "self": "https://api.matsmart.se/api/v1.0/product-displays/17379", "brand": "9717", "brand_name": "Quinola", "categories": ["729"], "created": "1485849050", "exclude_from_list": null, "product_info": "Ekologisk barnmat av mor\u00f6tter, r\u00f6da linser och quinoa. Helt fri fr\u00e5n gluten! F\u00f6r barn fr\u00e5n 6 m\u00e5nader och upp\u00e5t.", "market": "SE", "products": [{"id": "8429", "label": "UTG\u00c5ENDE Barnmat Morot, R\u00f6da linser, Quinoa", "self": "https://api.matsmart.se/api/v1.0/products/8429", "best_before": "1486249200", "product_contents": [{"id": "18088", "self": "https://cdn3.matsmart.se/sites/se/files/product_contents/carrot_mothergrain_baby_barnmat_red_lentil_innehall.jpg", "filemime": "image/jpeg", "filesize": "202798", "width": "800", "height": "800", "styles": ""}], "sku": "3770002946268", "gtin": null, "images": [{"id": "18087", "self": "https://cdn2.matsmart.se/sites/se/files/products/mothergrain_carrot_baby_red_lentil_quinoa_barnmat.jpg", "filemime": "image/jpeg", "filesize": "455323", "width": "800", "height": "800", "styles": {"product_full": "https://cdn2.matsmart.se/sites/se/files/styles/product_full/public/products/mothergrain_carrot_baby_red_lentil_quinoa_barnmat.jpg?itok=uqpIMg7u", "product_full_2x": "https://cdn2.matsmart.se/sites/se/files/styles/product_full_2x/public/products/mothergrain_carrot_baby_red_lentil_quinoa_barnmat.jpg?itok=1TA1ES80", "product_teaser": "https://cdn2.matsmart.se/sites/se/files/styles/product_teaser/public/products/mothergrain_carrot_baby_red_lentil_quinoa_barnmat.jpg?itok=7_fhZcJO", "product_teaser_2x": "https://cdn2.matsmart.se/sites/se/files/styles/product_teaser_2x/public/products/mothergrain_carrot_baby_red_lentil_quinoa_barnmat.jpg?itok=syH-6cT4", "product_zoom": "https://cdn2.matsmart.se/sites/se/files/styles/product_zoom/public/products/mothergrain_carrot_baby_red_lentil_quinoa_barnmat.jpg?itok=wUl_pQqr"}}], "max_purchase": "", "prices": {"comparison_price": "78,94 kr/kg", "price": {"amount": "1500", "currency_code": "SEK", "data": {"components": []}}, "old_price": {"amount": "3900", "currency_code": "SEK", "data": {"components": []}}, "price_table": {"amount": "1000", "currency_code": "SEK", "min_qty": "3", "max_qty": "-1", "data": {"components": []}}}, "size": "190g", "status": "1", "stock": 0, "vat_rate": "se_intermediate", "volume": {"length": "17.50000", "width": "11.00000", "height": "3.00000", "unit": "cm"}, "weight": {"weight": "211.00000", "unit": "g"}, "product_category": null, "suppliers": [], "seasonal_themes": []}], "published": "0", "status": "0", "sticky": "0", "tags": ["679"]}, {"id": "17524", "label": "Hel L\u00e5da Mealbar \"Quinoa Nut Crunch\" 15 x 56g", "self": "https://api.matsmart.se/api/v1.0/product-displays/17524", "brand": "223", "brand_name": "Nutrilett", "categories": ["566"], "created": "1487081318", "exclude_from_list": null, "product_info": "Hel l\u00e5da - 15 stycken m\u00e5ltidsers\u00e4ttningar i form av saftiga bars, h\u00e4r med n\u00f6tter, quinoa, choklad samt hallon. Inneh\u00e5ller ett h\u00f6gt v\u00e4rde av fiber och protein f\u00f6r en s\u00e4ker viktkontroll alternativt viktminskning. Fria fr\u00e5n gluten och har ett l\u00e5gt inneh\u00e5ll av laktos.", "market": "SE", "products": [{"id": "8498", "label": "UTG\u00c5ENDE Hel L\u00e5da Quinoa glutenfree bar", "self": "https://api.matsmart.se/api/v1.0/products/8498", "best_before": "1504044000", "product_contents": [{"id": "19261", "self": "https://cdn1.matsmart.se/sites/se/files/product_contents/quinoa_nut_crunch_nutrilett_meal_bar_hel_lada_innehall.jpg", "filemime": "image/jpeg", "filesize": "525547", "width": "800", "height": "800", "styles": ""}], "sku": "MS581", "gtin": null, "images": [{"id": "19260", "self": "https://cdn2.matsmart.se/sites/se/files/products/quinoa_nut_crunch_nutrilett_meal_bar_hel_lada.jpg", "filemime": "image/jpeg", "filesize": "395880", "width": "800", "height": "800", "styles": {"product_full": "https://cdn2.matsmart.se/sites/se/files/styles/product_full/public/products/quinoa_nut_crunch_nutrilett_meal_bar_hel_lada.jpg?itok=TVa5bAV4", "product_full_2x": "https://cdn2.matsmart.se/sites/se/files/styles/product_full_2x/public/products/quinoa_nut_crunch_nutrilett_meal_bar_hel_lada.jpg?itok=_ruk1D6Z", "product_teaser": "https://cdn2.matsmart.se/sites/se/files/styles/product_teaser/public/products/quinoa_nut_crunch_nutrilett_meal_bar_hel_lada.jpg?itok=vfnHBJTB", "product_teaser_2x": "https://cdn2.matsmart.se/sites/se/files/styles/product_teaser_2x/public/products/quinoa_nut_crunch_nutrilett_meal_bar_hel_lada.jpg?itok=BNxlDONu", "product_zoom": "https://cdn2.matsmart.se/sites/se/files/styles/product_zoom/public/products/quinoa_nut_crunch_nutrilett_meal_bar_hel_lada.jpg?itok=SS3iNQ0b"}}], "max_purchase": "", "prices": {"comparison_price": "177,38 kr/kg", "price": {"amount": "14900", "currency_code": "SEK", "data": {"components": []}}, "old_price": {"amount": "29800", "currency_code": "SEK", "data": {"components": []}}}, "size": "15 x 56g", "status": "1", "stock": 0, "vat_rate": "se_intermediate", "volume": {"length": "22.50000", "width": "14.50000", "height": "8.50000", "unit": "cm"}, "weight": {"weight": "970.00000", "unit": "g"}, "product_category": null, "suppliers": [], "seasonal_themes": []}], "published": "0", "status": "0", "sticky": "0", "tags": ["9398"]}, {"id": "17864", "label": "Quinoa & \u00c4rtor 250g", "self": "https://api.matsmart.se/api/v1.0/product-displays/17864", "brand": "9717", "brand_name": "Quinola", "categories": [], "created": "1487689001", "exclude_from_list": null, "product_info": "Blandning av ekologiska quinoafr\u00f6n och \u00e4rtor, som tillr\u00e4tts i f\u00f6rv\u00e4g. Fungerar s\u00e5v\u00e4l som hel m\u00e5ltid som tillbeh\u00f6r. Rik p\u00e5 protein och fibrer. Fri fr\u00e5n gluten!\u00a0", "market": "SE", "products": [{"id": "8664", "label": "UTG\u00c5ENDE Express Quinoa EKO", "self": "https://api.matsmart.se/api/v1.0/products/8664", "best_before": "1490911200", "product_contents": [{"id": "19819", "self": "https://cdn2.matsmart.se/sites/se/files/product_contents/express_quinoa_fron_mothergrain_innehall.png", "filemime": "image/png", "filesize": "32579", "width": "486", "height": "289", "styles": ""}], "sku": "3770002946282", "gtin": "", "images": [{"id": "19820", "self": "https://cdn3.matsmart.se/sites/se/files/products/quinoa_mothergrain_express_quinoa.jpg", "filemime": "image/jpeg", "filesize": "462792", "width": "800", "height": "800", "styles": {"product_full": "https://cdn3.matsmart.se/sites/se/files/styles/product_full/public/products/quinoa_mothergrain_express_quinoa.jpg?itok=8kQlz6qy", "product_full_2x": "https://cdn3.matsmart.se/sites/se/files/styles/product_full_2x/public/products/quinoa_mothergrain_express_quinoa.jpg?itok=upHBz9cT", "product_teaser": "https://cdn3.matsmart.se/sites/se/files/styles/product_teaser/public/products/quinoa_mothergrain_express_quinoa.jpg?itok=LLPqsFVa", "product_teaser_2x": "https://cdn3.matsmart.se/sites/se/files/styles/product_teaser_2x/public/products/quinoa_mothergrain_express_quinoa.jpg?itok=MCoWfNbf", "product_zoom": "https://cdn3.matsmart.se/sites/se/files/styles/product_zoom/public/products/quinoa_mothergrain_express_quinoa.jpg?itok=Mn7vJ5J4"}}], "max_purchase": "", "prices": {"comparison_price": "60,00 kr/kg", "price": {"amount": "1500", "currency_code": "SEK", "data": {"components": []}}, "old_price": {"amount": "3590", "currency_code": "SEK", "data": {"components": []}}}, "size": "250g", "status": "1", "stock": 0, "vat_rate": "se_intermediate", "volume": {"length": "18.00000", "width": "13.00000", "height": "3.50000", "unit": "cm"}, "weight": {"weight": "260.00000", "unit": "g"}, "product_category": null, "suppliers": [], "seasonal_themes": []}], "published": "0", "status": "0", "sticky": "0", "tags": ["679"]}, {"id": "18007", "label": "Eko Chiafr\u00f6n 270g", "self": "https://api.matsmart.se/api/v1.0/product-displays/18007", "brand": "1561", "brand_name": "GoGreen", "categories": ["14956"], "created": "1543414492", "exclude_from_list": null, "product_info": "Ekologiska chiafr\u00f6n, rika p\u00e5 protein och fiber. Perfekta att blanda ner i smoothies eller ha i m\u00fcslin.", "market": "SE", "products": [{"id": "8733", "label": "UTG\u00c5ENDE Chiafr\u00f6n Eko Goraw", "self": "https://api.matsmart.se/api/v1.0/products/8733", "best_before": "1562018400", "product_contents": [{"id": "188821", "self": "https://cdn2.matsmart.se/sites/se/files/product_contents/go_green_chia_seed_innehall.jpg", "filemime": "image/jpeg", "filesize": "318542", "width": "800", "height": "800", "styles": ""}], "sku": "7310130005848", "gtin": null, "images": [{"id": "20035", "self": "https://cdn3.matsmart.se/sites/se/files/products/chiafron_ekologiskt_raw_go_green.jpg", "filemime": "image/jpeg", "filesize": "436915", "width": "800", "height": "800", "styles": {"product_full": "https://cdn3.matsmart.se/sites/se/files/styles/product_full/public/products/chiafron_ekologiskt_raw_go_green.jpg?itok=lQFI5xPw", "product_full_2x": "https://cdn3.matsmart.se/sites/se/files/styles/product_full_2x/public/products/chiafron_ekologiskt_raw_go_green.jpg?itok=dNlG27xS", "product_teaser": "https://cdn3.matsmart.se/sites/se/files/styles/product_teaser/public/products/chiafron_ekologiskt_raw_go_green.jpg?itok=fQ5teJul", "product_teaser_2x": "https://cdn3.matsmart.se/sites/se/files/styles/product_teaser_2x/public/products/chiafron_ekologiskt_raw_go_green.jpg?itok=lpup6Pyy", "product_zoom": "https://cdn3.matsmart.se/sites/se/files/styles/product_zoom/public/products/chiafron_ekologiskt_raw_go_green.jpg?itok=ANJtKLy1"}}], "max_purchase": "", "prices": {"comparison_price": "144,45 kr/kg", "price": {"amount": "3900", "currency_code": "SEK", "data": {"components": []}}, "old_price": {"amount": "4990", "currency_code": "SEK", "data": {"components": []}}}, "size": "270g", "status": "1", "stock": 0, "vat_rate": "se_intermediate", "volume": {"length": "18.00000", "width": "14.00000", "height": "4.00000", "unit": "cm"}, "weight": {"weight": "276.00000", "unit": "g"}, "product_category": null, "suppliers": [], "seasonal_themes": []}], "published": "0", "status": "0", "sticky": "0", "tags": ["679", "15376"]}, {"id": "18517", "label": "Chiafr\u00f6n 300g", "self": "https://api.matsmart.se/api/v1.0/product-displays/18517", "brand": "1895", "brand_name": "Urtekram", "categories": [], "created": "1489150846", "exclude_from_list": null, "product_info": "Det \u00e4r otroligt att chiafr\u00f6et har kunnat samla s\u00e5 m\u00e5nga bra saker p\u00e5 s\u00e5 lite plats. H\u00e4r finns b\u00e5de ett h\u00f6gt inneh\u00e5ll av de sunda omega 3- fettsyrorna i vegetabilisk form, ett h\u00f6gt fiberinneh\u00e5ll och s\u00e5 \u00e4r fr\u00f6et ocks\u00e5 en fin proteink\u00e4lla. Chiafr\u00f6et smakar helt neutralt, s\u00e5 du kan enkelt anv\u00e4nda det till att g\u00f6ra b\u00e5de br\u00f6d, gr\u00f6t och kakor alternativt ha till exempel i smoothies!", "market": "SE", "products": [{"id": "8983", "label": "UTG\u00c5ENDE Chiafr\u00f6n300g EKO", "self": "https://api.matsmart.se/api/v1.0/products/8983", "best_before": "1493330400", "product_contents": [{"id": "21371", "self": "https://cdn1.matsmart.se/sites/se/files/product_contents/chiafron_urtekram_innehall.png", "filemime": "image/png", "filesize": "26584", "width": "252", "height": "286", "styles": ""}], "sku": "5765228707722", "gtin": "", "images": [{"id": "21370", "self": "https://cdn1.matsmart.se/sites/se/files/products/chiafron_urtekram.jpg", "filemime": "image/jpeg", "filesize": "367686", "width": "800", "height": "800", "styles": {"product_full": "https://cdn1.matsmart.se/sites/se/files/styles/product_full/public/products/chiafron_urtekram.jpg?itok=Qldswy_J", "product_full_2x": "https://cdn1.matsmart.se/sites/se/files/styles/product_full_2x/public/products/chiafron_urtekram.jpg?itok=5pk-VM17", "product_teaser": "https://cdn1.matsmart.se/sites/se/files/styles/product_teaser/public/products/chiafron_urtekram.jpg?itok=6YXMh7Z8", "product_teaser_2x": "https://cdn1.matsmart.se/sites/se/files/styles/product_teaser_2x/public/products/chiafron_urtekram.jpg?itok=H_wY_w-6", "product_zoom": "https://cdn1.matsmart.se/sites/se/files/styles/product_zoom/public/products/chiafron_urtekram.jpg?itok=hKFaaqcT"}}], "max_purchase": "", "prices": {"comparison_price": "130,00 kr/kg", "price": {"amount": "3900", "currency_code": "SEK", "data": {"components": []}}, "old_price": {"amount": "7500", "currency_code": "SEK", "data": {"components": []}}}, "size": "300g", "status": "1", "stock": 0, "vat_rate": "se_intermediate", "volume": {"length": "19.00000", "width": "11.00000", "height": "5.00000", "unit": "cm"}, "weight": {"weight": "304.00000", "unit": "g"}, "product_category": null, "suppliers": [], "seasonal_themes": []}], "published": "0", "status": "0", "sticky": "0", "tags": ["679"]}, {"id": "1860", "label": "Nescaf\u00e9 Latte Macchiato", "self": "https://api.matsmart.se/api/v1.0/product-displays/1860", "brand": "1239", "brand_name": "nescafe", "categories": [], "created": "1421749297", "exclude_from_list": null, "product_info": "Latte Macchiato fr\u00e5n Nescaf\u00e9. Tills\u00e4tt kaffe och varm vatten f\u00f6r att avnjuta en len och mj\u00f6lkig latte macchiato.", "market": "SE", "products": [{"id": "1700", "label": "UTG\u00c5ENDE Nescaf\u00e9 Latte Macchiato", "self": "https://api.matsmart.se/api/v1.0/products/1700", "best_before": "1425078000", "product_contents": [{"id": "3288", "self": "https://cdn3.matsmart.se/sites/se/files/product_contents/nescaffe-latte-mac-burk-back.jpg", "filemime": "image/jpeg", "filesize": "77120", "width": "545", "height": "800", "styles": ""}], "sku": "7613034532671", "gtin": null, "images": [{"id": "3287", "self": "https://cdn1.matsmart.se/sites/se/files/products/nescaffe-latte-mac-burk.jpg", "filemime": "image/jpeg", "filesize": "33706", "width": "800", "height": "800", "styles": {"product_full": "https://cdn1.matsmart.se/sites/se/files/styles/product_full/public/products/nescaffe-latte-mac-burk.jpg?itok=5UzyZeSf", "product_full_2x": "https://cdn1.matsmart.se/sites/se/files/styles/product_full_2x/public/products/nescaffe-latte-mac-burk.jpg?itok=_YD8RRw5", "product_teaser": "https://cdn1.matsmart.se/sites/se/files/styles/product_teaser/public/products/nescaffe-latte-mac-burk.jpg?itok=xCW4lvuO", "product_teaser_2x": "https://cdn1.matsmart.se/sites/se/files/styles/product_teaser_2x/public/products/nescaffe-latte-mac-burk.jpg?itok=PAVA2oqc", "product_zoom": "https://cdn1.matsmart.se/sites/se/files/styles/product_zoom/public/products/nescaffe-latte-mac-burk.jpg?itok=hPKV-_4U"}}], "max_purchase": "", "prices": {"comparison_price": "111 kr/kg", "price": {"amount": "2500", "currency_code": "SEK", "data": {"components": []}}, "old_price": {"amount": "4000", "currency_code": "SEK", "data": {"components": []}}}, "size": "225", "status": "1", "stock": 0, "vat_rate": "se_intermediate", "volume": {"length": "15.00000", "width": "7.00000", "height": "7.00000", "unit": "cm"}, "weight": {"weight": "285.00000", "unit": "g"}, "product_category": null, "suppliers": [], "seasonal_themes": []}], "published": "0", "status": "0", "sticky": "0", "tags": []}, {"id": "1872", "label": "Nescaf\u00e9 Latte Macchiato", "self": "https://api.matsmart.se/api/v1.0/product-displays/1872", "brand": "1239", "brand_name": "nescafe", "categories": [], "created": "1421850426", "exclude_from_list": null, "product_info": "Latte Macchiato fr\u00e5n Nescaf\u00e9, tills\u00e4tt endast vatten och njut!", "market": "SE", "products": [{"id": "1711", "label": "UTG\u00c5ENDE Nescaf\u00e9 Latte Macchiato", "self": "https://api.matsmart.se/api/v1.0/products/1711", "best_before": "1435701600", "product_contents": [{"id": "3313", "self": "https://cdn2.matsmart.se/sites/se/files/product_contents/nescaffe-latte-mac-back.jpg", "filemime": "image/jpeg", "filesize": "65095", "width": "586", "height": "800", "styles": ""}], "sku": "7613034532312", "gtin": null, "images": [{"id": "3312", "self": "https://cdn2.matsmart.se/sites/se/files/products/nescaffe-latte-mac.jpg", "filemime": "image/jpeg", "filesize": "41168", "width": "800", "height": "800", "styles": {"product_full": "https://cdn2.matsmart.se/sites/se/files/styles/product_full/public/products/nescaffe-latte-mac.jpg?itok=nfdUVIaP", "product_full_2x": "https://cdn2.matsmart.se/sites/se/files/styles/product_full_2x/public/products/nescaffe-latte-mac.jpg?itok=ICp6eJIs", "product_teaser": "https://cdn2.matsmart.se/sites/se/files/styles/product_teaser/public/products/nescaffe-latte-mac.jpg?itok=t-Qpon5U", "product_teaser_2x": "https://cdn2.matsmart.se/sites/se/files/styles/product_teaser_2x/public/products/nescaffe-latte-mac.jpg?itok=TGhESUkS", "product_zoom": "https://cdn2.matsmart.se/sites/se/files/styles/product_zoom/public/products/nescaffe-latte-mac.jpg?itok=2u3l7WQz"}}], "max_purchase": "", "prices": {"comparison_price": "118 kr/kg", "price": {"amount": "1700", "currency_code": "SEK", "data": {"components": []}}, "old_price": {"amount": "2990", "currency_code": "SEK", "data": {"components": []}}}, "size": "144g", "status": "1", "stock": 0, "vat_rate": "se_intermediate", "volume": {"length": "15.00000", "width": "10.00000", "height": "7.00000", "unit": "cm"}, "weight": {"weight": "188.00000", "unit": "g"}, "product_category": null, "suppliers": [], "seasonal_themes": []}], "published": "0", "status": "0", "sticky": "0", "tags": []}, {"id": "19119", "label": "Hel L\u00e5da N\u00f6tbars Chiafr\u00f6n & Tranb\u00e4r 18 x 35g", "self": "https://api.matsmart.se/api/v1.0/product-displays/19119", "brand": "125", "brand_name": "Friggs", "categories": ["14986", "566"], "created": "1540824419", "exclude_from_list": null, "product_info": "18 stycken n\u00f6tbars med chiafr\u00f6n och tranb\u00e4r. Det perfekta mellanm\u00e5let under en stressig dag!", "market": "SE", "products": [{"id": "9193", "label": "UTG\u00c5ENDE Hel L\u00e5da Superfr\u00f6 Bar Chia &amp; Tranb\u00e4r", "self": "https://api.matsmart.se/api/v1.0/products/9193", "best_before": "1548889200", "product_contents": [{"id": "104996", "self": "https://cdn1.matsmart.se/sites/se/files/product_contents/hel_lada_notbars_chiafron_tranbar_18_x_35g_innehall.jpg", "filemime": "image/jpeg", "filesize": "535096", "width": "800", "height": "800", "styles": ""}], "sku": "17350028544773", "gtin": "17350028544773", "images": [{"id": "23833", "self": "https://cdn2.matsmart.se/sites/se/files/products/friggs_hel_lada_chiafro_tranbar_notbar__0.jpg", "filemime": "image/jpeg", "filesize": "265408", "width": "800", "height": "800", "styles": {"product_full": "https://cdn2.matsmart.se/sites/se/files/styles/product_full/public/products/friggs_hel_lada_chiafro_tranbar_notbar__0.jpg?itok=71yM0zv8", "product_full_2x": "https://cdn2.matsmart.se/sites/se/files/styles/product_full_2x/public/products/friggs_hel_lada_chiafro_tranbar_notbar__0.jpg?itok=Dolc07k4", "product_teaser": "https://cdn2.matsmart.se/sites/se/files/styles/product_teaser/public/products/friggs_hel_lada_chiafro_tranbar_notbar__0.jpg?itok=_Js1pniG", "product_teaser_2x": "https://cdn2.matsmart.se/sites/se/files/styles/product_teaser_2x/public/products/friggs_hel_lada_chiafro_tranbar_notbar__0.jpg?itok=9VIr2Jsw", "product_zoom": "https://cdn2.matsmart.se/sites/se/files/styles/product_zoom/public/products/friggs_hel_lada_chiafro_tranbar_notbar__0.jpg?itok=We_NmTTP"}}], "max_purchase": "", "prices": {"comparison_price": "157,14 kr/kg", "price": {"amount": "9900", "currency_code": "SEK", "data": {"components": []}}, "old_price": {"amount": "29900", "currency_code": "SEK", "data": {"components": []}}}, "size": "18 x 35g", "status": "1", "stock": 0, "vat_rate": "se_intermediate", "volume": {"length": "24.00000", "width": "15.00000", "height": "6.00000", "unit": "cm"}, "weight": {"weight": "764.00000", "unit": "g"}, "product_category": null, "suppliers": [], "seasonal_themes": []}], "published": "0", "status": "0", "sticky": "0", "tags": []}, {"id": "19121", "label": "Hel L\u00e5da N\u00f6tbars Quinoa & Hallon 18 x 35g", "self": "https://api.matsmart.se/api/v1.0/product-displays/19121", "brand": "125", "brand_name": "Friggs", "categories": ["14986", "566"], "created": "1540899564", "exclude_from_list": null, "product_info": "18 stycken glutenfria n\u00f6tbars med quinoafr\u00f6n och hallon. Perfekt mellanm\u00e5l.\u00a0", "market": "SE", "products": [{"id": "9194", "label": "UTG\u00c5ENDE Hel L\u00e5da Superfr\u00f6 Bar QuinoaHallon", "self": "https://api.matsmart.se/api/v1.0/products/9194", "best_before": "1546902000", "product_contents": [{"id": "179656", "self": "https://cdn2.matsmart.se/sites/se/files/product_contents/friggs_quinoa_raspberry_bar_innehall_ny.jpg", "filemime": "image/jpeg", "filesize": "475991", "width": "800", "height": "800", "styles": ""}], "sku": "17350028544780", "gtin": "17350028544780", "images": [{"id": "23842", "self": "https://cdn3.matsmart.se/sites/se/files/products/friggs_quinoa_hallon_bar_hel_lada.jpg", "filemime": "image/jpeg", "filesize": "326042", "width": "800", "height": "800", "styles": {"product_full": "https://cdn3.matsmart.se/sites/se/files/styles/product_full/public/products/friggs_quinoa_hallon_bar_hel_lada.jpg?itok=X4imDtAW", "product_full_2x": "https://cdn3.matsmart.se/sites/se/files/styles/product_full_2x/public/products/friggs_quinoa_hallon_bar_hel_lada.jpg?itok=1AoAwYsc", "product_teaser": "https://cdn3.matsmart.se/sites/se/files/styles/product_teaser/public/products/friggs_quinoa_hallon_bar_hel_lada.jpg?itok=jAxMo7-A", "product_teaser_2x": "https://cdn3.matsmart.se/sites/se/files/styles/product_teaser_2x/public/products/friggs_quinoa_hallon_bar_hel_lada.jpg?itok=8T3o-ham", "product_zoom": "https://cdn3.matsmart.se/sites/se/files/styles/product_zoom/public/products/friggs_quinoa_hallon_bar_hel_lada.jpg?itok=2R1VeDd3"}}], "max_purchase": "", "prices": {"comparison_price": "77,78 kr/kg", "price": {"amount": "9900", "currency_code": "SEK", "data": {"components": []}}, "old_price": {"amount": "22900", "currency_code": "SEK", "data": {"components": []}}}, "size": "18 x 35g", "status": "1", "stock": 0, "vat_rate": "se_intermediate", "volume": {"length": "24.00000", "width": "15.00000", "height": "6.00000", "unit": "cm"}, "weight": {"weight": "744.00000", "unit": "g"}, "product_category": null, "suppliers": [], "seasonal_themes": []}], "published": "0", "status": "0", "sticky": "0", "tags": ["9398"]}, {"id": "1945", "label": "Matvete Ekologiskt", "self": "https://api.matsmart.se/api/v1.0/product-displays/1945", "brand": "978", "brand_name": "Kung Markatta", "categories": [], "created": "1423229560", "exclude_from_list": null, "product_info": "Ett mustigt matvete med h\u00f6gt inneh\u00e5ll av kostfiber.\u00a0\u00a0\u00a0", "market": "SE", "products": [{"id": "1780", "label": "UTG\u00c5ENDE Matvete Ekologiskt", "self": "https://api.matsmart.se/api/v1.0/products/1780", "best_before": "1428357600", "product_contents": [{"id": "3448", "self": "https://cdn1.matsmart.se/sites/se/files/product_contents/matvete_fullkorn.jpg", "filemime": "image/jpeg", "filesize": "52378", "width": "800", "height": "573", "styles": ""}], "sku": "7391835917650", "gtin": "", "images": [{"id": "3447", "self": "https://cdn1.matsmart.se/sites/se/files/products/matvete.jpg", "filemime": "image/jpeg", "filesize": "39239", "width": "800", "height": "800", "styles": {"product_full": "https://cdn1.matsmart.se/sites/se/files/styles/product_full/public/products/matvete.jpg?itok=BqeER7Aa", "product_full_2x": "https://cdn1.matsmart.se/sites/se/files/styles/product_full_2x/public/products/matvete.jpg?itok=-bRHhpHg", "product_teaser": "https://cdn1.matsmart.se/sites/se/files/styles/product_teaser/public/products/matvete.jpg?itok=m0Qnklbo", "product_teaser_2x": "https://cdn1.matsmart.se/sites/se/files/styles/product_teaser_2x/public/products/matvete.jpg?itok=8iEw8qFJ", "product_zoom": "https://cdn1.matsmart.se/sites/se/files/styles/product_zoom/public/products/matvete.jpg?itok=W7MGuGvp"}}], "max_purchase": "", "prices": {"comparison_price": "60 kr/kg", "price": {"amount": "1500", "currency_code": "SEK", "data": {"components": []}}, "old_price": {"amount": "2990", "currency_code": "SEK", "data": {"components": []}}}, "size": "250g", "status": "1", "stock": 0, "vat_rate": "se_intermediate", "volume": {"length": "15.50000", "width": "7.00000", "height": "4.00000", "unit": "cm"}, "weight": {"weight": "273.00000", "unit": "g"}, "product_category": null, "suppliers": [], "seasonal_themes": []}], "published": "0", "status": "0", "sticky": "0", "tags": ["679"]}, {"id": "19524", "label": "Piadinabr\u00f6d Chiafr\u00f6n 3-pack", "self": "https://api.matsmart.se/api/v1.0/product-displays/19524", "brand": "9012", "brand_name": "da Carla", "categories": [], "created": "1491991823", "exclude_from_list": null, "product_info": "3 stycken ekologiska piadinabr\u00f6d, bakade med chiafr\u00f6n. Piadina \u00e4r ett br\u00f6d, en blandning mellan mjukt tunnbr\u00f6d och tortilla, som ska \u00e4tas varmt. Hetta upp br\u00f6det i stekpannan och fyll det sedan med din favoritfyllning! Tips: prova f\u00e4rskost, ruccola och skinka.\u00a0", "market": "SE", "products": [{"id": "9392", "label": "UTG\u00c5ENDE Ekologisk chia tortilla", "self": "https://api.matsmart.se/api/v1.0/products/9392", "best_before": "1492898400", "product_contents": [{"id": "23956", "self": "https://cdn1.matsmart.se/sites/se/files/product_contents/piadinabrod_chiafron_3-pack_da_carla_innehall.png", "filemime": "image/png", "filesize": "38268", "width": "421", "height": "278", "styles": ""}], "sku": "7340012500109", "gtin": "", "images": [{"id": "23957", "self": "https://cdn2.matsmart.se/sites/se/files/products/piadinabrod_chiafron_3-pack_da_carla.jpg", "filemime": "image/jpeg", "filesize": "391724", "width": "800", "height": "800", "styles": {"product_full": "https://cdn2.matsmart.se/sites/se/files/styles/product_full/public/products/piadinabrod_chiafron_3-pack_da_carla.jpg?itok=W8ZmxePf", "product_full_2x": "https://cdn2.matsmart.se/sites/se/files/styles/product_full_2x/public/products/piadinabrod_chiafron_3-pack_da_carla.jpg?itok=vaM8UbE9", "product_teaser": "https://cdn2.matsmart.se/sites/se/files/styles/product_teaser/public/products/piadinabrod_chiafron_3-pack_da_carla.jpg?itok=BCvvzAft", "product_teaser_2x": "https://cdn2.matsmart.se/sites/se/files/styles/product_teaser_2x/public/products/piadinabrod_chiafron_3-pack_da_carla.jpg?itok=hOWD7gDK", "product_zoom": "https://cdn2.matsmart.se/sites/se/files/styles/product_zoom/public/products/piadinabrod_chiafron_3-pack_da_carla.jpg?itok=xb_o-qta"}}], "max_purchase": "", "prices": {"comparison_price": "55,55 kr/kg", "price": {"amount": "1500", "currency_code": "SEK", "data": {"components": []}}, "old_price": {"amount": "4190", "currency_code": "SEK", "data": {"components": []}}}, "size": "270g", "status": "1", "stock": 0, "vat_rate": "se_intermediate", "volume": {"length": "26.00000", "width": "31.00000", "height": "0.50000", "unit": "cm"}, "weight": {"weight": "285.00000", "unit": "g"}, "product_category": null, "suppliers": [], "seasonal_themes": []}], "published": "0", "status": "0", "sticky": "0", "tags": ["679"]}, {"id": "19779", "label": "N\u00f6tbar Quinoa & Hallon 35g", "self": "https://api.matsmart.se/api/v1.0/product-displays/19779", "brand": "125", "brand_name": "Friggs", "categories": [], "created": "1505812874", "exclude_from_list": null, "product_info": "Glutenfri n\u00f6tbar av jordn\u00f6tter och mandlar, h\u00e4r med smak av quinoafr\u00f6n och hallon. Perfekt, lite nyttigare mellanm\u00e5l n\u00e4r man \u00e4r p\u00e5 spr\u00e5ng!", "market": "SE", "products": [{"id": "9515", "label": "UTG\u00c5ENDE Superfr\u00f6 Bar QuinoaHallon", "self": "https://api.matsmart.se/api/v1.0/products/9515", "best_before": "1517353200", "product_contents": [{"id": "24631", "self": "https://cdn1.matsmart.se/sites/se/files/product_contents/superfro_bar_quinoa_hallon_friggs_innehall.png", "filemime": "image/png", "filesize": "51929", "width": "420", "height": "378", "styles": ""}], "sku": "7350028544783", "gtin": "7350028544783", "images": [{"id": "24632", "self": "https://cdn1.matsmart.se/sites/se/files/products/friggs_hallon_quinoa_bar_fro.jpg", "filemime": "image/jpeg", "filesize": "194790", "width": "800", "height": "800", "styles": {"product_full": "https://cdn1.matsmart.se/sites/se/files/styles/product_full/public/products/friggs_hallon_quinoa_bar_fro.jpg?itok=s2JpnhSh", "product_full_2x": "https://cdn1.matsmart.se/sites/se/files/styles/product_full_2x/public/products/friggs_hallon_quinoa_bar_fro.jpg?itok=VVnDmBoY", "product_teaser": "https://cdn1.matsmart.se/sites/se/files/styles/product_teaser/public/products/friggs_hallon_quinoa_bar_fro.jpg?itok=Dy7CEgSC", "product_teaser_2x": "https://cdn1.matsmart.se/sites/se/files/styles/product_teaser_2x/public/products/friggs_hallon_quinoa_bar_fro.jpg?itok=omaw9RMT", "product_zoom": "https://cdn1.matsmart.se/sites/se/files/styles/product_zoom/public/products/friggs_hallon_quinoa_bar_fro.jpg?itok=MYgdIV93"}}], "max_purchase": "", "prices": {"comparison_price": "142,85 kr/kg", "price": {"amount": "500", "currency_code": "SEK", "data": {"components": []}}, "old_price": {"amount": "2090", "currency_code": "SEK", "data": {"components": []}}}, "size": "35g", "status": "1", "stock": 0, "vat_rate": "se_intermediate", "volume": {"length": "12.50000", "width": "3.50000", "height": "1.50000", "unit": "cm"}, "weight": {"weight": "37.00000", "unit": "g"}, "product_category": null, "suppliers": [], "seasonal_themes": []}], "published": "0", "status": "0", "sticky": "0", "tags": ["9398"]}, {"id": "19918", "label": "Kn\u00e4ckebr\u00f6d Sesam, Chia & Linfr\u00f6n", "self": "https://api.matsmart.se/api/v1.0/product-displays/19918", "brand": "6683", "brand_name": "Paul\u00fans", "categories": ["14971"], "created": "1579163170", "exclude_from_list": false, "product_info": "Kn\u00e4ckebr\u00f6d med chiafr\u00f6n, linfr\u00f6n och sesamfr\u00f6n. Fiberrikt och utan tillsatt socker!", "market": "SE", "products": [{"id": "9576", "label": "UTG\u00c5ENDE PAU Kn\u00e4cke Chia 255g", "self": "https://api.matsmart.se/api/v1.0/products/9576", "best_before": "1585692000", "product_contents": [{"id": "154291", "self": "https://cdn1.matsmart.se/sites/se/files/product_contents/pauluns_superknacke_innehall_ny.jpg", "filemime": "image/jpeg", "filesize": "281904", "width": "800", "height": "800", "styles": ""}], "sku": "7310240405026", "gtin": "7310240405026", "images": [{"id": "25186", "self": "https://cdn2.matsmart.se/sites/se/files/products/knackebrod_sesam-_chia-_linfron_255g_pauluns.jpg", "filemime": "image/jpeg", "filesize": "598750", "width": "800", "height": "800", "styles": {"product_full": "https://cdn2.matsmart.se/sites/se/files/styles/product_full/public/products/knackebrod_sesam-_chia-_linfron_255g_pauluns.jpg?itok=8vtw7h2w", "product_full_2x": "https://cdn2.matsmart.se/sites/se/files/styles/product_full_2x/public/products/knackebrod_sesam-_chia-_linfron_255g_pauluns.jpg?itok=rZj_VMw4", "product_teaser": "https://cdn2.matsmart.se/sites/se/files/styles/product_teaser/public/products/knackebrod_sesam-_chia-_linfron_255g_pauluns.jpg?itok=49fgpxgs", "product_teaser_2x": "https://cdn2.matsmart.se/sites/se/files/styles/product_teaser_2x/public/products/knackebrod_sesam-_chia-_linfron_255g_pauluns.jpg?itok=RKDrxoTf", "product_zoom": "https://cdn2.matsmart.se/sites/se/files/styles/product_zoom/public/products/knackebrod_sesam-_chia-_linfron_255g_pauluns.jpg?itok=zfN7lBKE"}}], "max_purchase": "", "prices": {"comparison_price": "78,43 kr/kg", "price": {"amount": "2000", "currency_code": "SEK", "data": {"components": []}}, "old_price": {"amount": "3095", "currency_code": "SEK", "data": {"components": []}}}, "size": "255g", "status": "1", "stock": 0, "vat_rate": "se_intermediate", "volume": {"length": "14.00000", "width": "13.00000", "height": "7.00000", "unit": "cm"}, "weight": {"weight": "295.00000", "unit": "g"}, "product_category": "20751", "suppliers": [], "seasonal_themes": []}], "published": "0", "status": "0", "sticky": "1", "tags": ["18556"]}, {"id": "19950", "label": "Eko Kaffedryck Latte Macchiato 12-pack", "self": "https://api.matsmart.se/api/v1.0/product-displays/19950", "brand": "678", "brand_name": "L\u00f6fbergs", "categories": ["14941"], "created": "1583939579", "exclude_from_list": true, "product_info": "Tolv stycken kalla latte macchiatto kaffedrycker. Dryckerna \u00e4r fairtrade-m\u00e4rkta samt ekologiska.", "market": "SE", "products": [{"id": "9592", "label": "UTG\u00c5ENDE Hel Platta ICE- Coffee Latte Macchiato FT/Organic", "self": "https://api.matsmart.se/api/v1.0/products/9592", "best_before": "1590271200", "product_contents": [{"id": "210721", "self": "https://cdn3.matsmart.se/sites/se/files/product_contents/lofbergs_ice_latte_macchiato_innehall_ny_1.jpg", "filemime": "image/jpeg", "filesize": "439418", "width": "800", "height": "800", "styles": ""}, {"id": "210726", "self": "https://cdn3.matsmart.se/sites/se/files/product_contents/lofbergs_ice_latte_macchiato_innehall_ny_2.jpg", "filemime": "image/jpeg", "filesize": "303111", "width": "800", "height": "800", "styles": ""}, {"id": "349751", "self": "https://cdn2.matsmart.se/sites/se/files/product_contents/lofbergs_ice_latte_macchiato_eko.jpg", "filemime": "image/jpeg", "filesize": "332900", "width": "800", "height": "800", "styles": ""}], "sku": "7310050105178", "gtin": "7310050105178", "images": [{"id": "349746", "self": "https://cdn3.matsmart.se/sites/se/files/products/hl_lofbergs_ice_latte_macchiato_ny.jpg", "filemime": "image/jpeg", "filesize": "267538", "width": "800", "height": "800", "styles": {"product_full": "https://cdn3.matsmart.se/sites/se/files/styles/product_full/public/products/hl_lofbergs_ice_latte_macchiato_ny.jpg?itok=oRTvSf59", "product_full_2x": "https://cdn3.matsmart.se/sites/se/files/styles/product_full_2x/public/products/hl_lofbergs_ice_latte_macchiato_ny.jpg?itok=xtQdRYkD", "product_teaser": "https://cdn3.matsmart.se/sites/se/files/styles/product_teaser/public/products/hl_lofbergs_ice_latte_macchiato_ny.jpg?itok=nU593fO1", "product_teaser_2x": "https://cdn3.matsmart.se/sites/se/files/styles/product_teaser_2x/public/products/hl_lofbergs_ice_latte_macchiato_ny.jpg?itok=sfrRj09B", "product_zoom": "https://cdn3.matsmart.se/sites/se/files/styles/product_zoom/public/products/hl_lofbergs_ice_latte_macchiato_ny.jpg?itok=ZhJArVbK"}}], "max_purchase": "", "prices": {"comparison_price": "53,99 kr/l", "price": {"amount": "14900", "currency_code": "SEK", "data": {"components": []}}, "old_price": {"amount": "21900", "currency_code": "SEK", "data": {"components": []}}}, "size": "12 x 230ml ", "status": "1", "stock": 0, "vat_rate": "se_intermediate", "volume": {"length": "22.50000", "width": "17.00000", "height": "14.00000", "unit": "cm"}, "weight": {"weight": "3120.00000", "unit": "g"}, "product_category": "21166", "suppliers": [], "seasonal_themes": []}], "published": "0", "status": "0", "sticky": "0", "tags": ["679", "18556"]}, {"id": "2303", "label": "Boveteflingor", "self": "https://api.matsmart.se/api/v1.0/product-displays/2303", "brand": "1561", "brand_name": "GoGreen", "categories": [], "created": "1430135304", "exclude_from_list": null, "product_info": "Flingor av bovete passar att blanda i din m\u00fcsli, att rosta och toppa salladen m.m.", "market": "SE", "products": [{"id": "2112", "label": "UTG\u00c5ENDE Boveteflingor", "self": "https://api.matsmart.se/api/v1.0/products/2112", "best_before": "1431122400", "product_contents": [{"id": "4183", "self": "https://cdn3.matsmart.se/sites/se/files/product_contents/bovete_back.jpg", "filemime": "image/jpeg", "filesize": "15520", "width": "800", "height": "216", "styles": ""}], "sku": "7312787710298", "gtin": "", "images": [{"id": "4182", "self": "https://cdn4.matsmart.se/sites/se/files/products/bovete_front.jpg", "filemime": "image/jpeg", "filesize": "56259", "width": "800", "height": "800", "styles": {"product_full": "https://cdn4.matsmart.se/sites/se/files/styles/product_full/public/products/bovete_front.jpg?itok=Jt4dK7Zp", "product_full_2x": "https://cdn4.matsmart.se/sites/se/files/styles/product_full_2x/public/products/bovete_front.jpg?itok=pvbDWdxj", "product_teaser": "https://cdn4.matsmart.se/sites/se/files/styles/product_teaser/public/products/bovete_front.jpg?itok=Tu0fSyjI", "product_teaser_2x": "https://cdn4.matsmart.se/sites/se/files/styles/product_teaser_2x/public/products/bovete_front.jpg?itok=dh9wUAVv", "product_zoom": "https://cdn4.matsmart.se/sites/se/files/styles/product_zoom/public/products/bovete_front.jpg?itok=h_luN6Kp"}}], "max_purchase": "", "prices": {"comparison_price": "20 kr/kg", "price": {"amount": "500", "currency_code": "SEK", "data": {"components": []}}, "old_price": {"amount": "1990", "currency_code": "SEK", "data": {"components": []}}}, "size": "250g", "status": "1", "stock": 0, "vat_rate": "se_intermediate", "volume": {"length": "15.00000", "width": "4.50000", "height": "9.00000", "unit": "cm"}, "weight": {"weight": "259.00000", "unit": "g"}, "product_category": null, "suppliers": [], "seasonal_themes": []}], "published": "0", "status": "0", "sticky": "0", "tags": []}, {"id": "2732", "label": "Eko Matvete 410g", "self": "https://api.matsmart.se/api/v1.0/product-displays/2732", "brand": "639", "brand_name": "Zeta", "categories": ["14926"], "created": "1476792053", "exclude_from_list": false, "product_info": "OBS: B\u00e4st f\u00f6re-datum, 30/11 2018. Matvetet har testats av oss och \u00e4r lika gott som vanligt. Det enda som kan ha h\u00e4nt med matvetet \u00e4r att kornen sv\u00e4lt och l\u00e4mnat sitt skal, men smaken \u00e4r fortfarande lika god.\u00a0\u00a0\u00a0\u00a0Hj\u00e4lp oss r\u00e4dda dessa f\u00f6rkokta hela vetekorn av durumvete. F\u00e4rdigt att \u00e4ta. Med mild, n\u00f6tig smak. Gott i sallader, grytor och gr\u00f6nsaksr\u00e4tter, med vin\u00e4grett och f\u00e4rska \u00f6rter. Bra som alternativ i alla recept d\u00e4r bulgur och b\u00f6nor ing\u00e5r.\u00a0", "market": "SE", "products": [{"id": "2522", "label": "UTG\u00c5ENDE Matvete zeta", "self": "https://api.matsmart.se/api/v1.0/products/2522", "best_before": "1543532400", "product_contents": [{"id": "6021", "self": "https://cdn2.matsmart.se/sites/se/files/product_contents/zeta_matvetedurum_back.jpg", "filemime": "image/jpeg", "filesize": "15816", "width": "800", "height": "278", "styles": ""}, {"id": "285361", "self": "https://cdn2.matsmart.se/sites/se/files/product_contents/narings_dek.jpg", "filemime": "image/jpeg", "filesize": "129167", "width": "800", "height": "800", "styles": ""}], "sku": "7350002402139", "gtin": "7350002402139", "images": [{"id": "13939", "self": "https://cdn3.matsmart.se/sites/se/files/products/matvete_zeta.jpg", "filemime": "image/jpeg", "filesize": "359755", "width": "800", "height": "800", "styles": {"product_full": "https://cdn3.matsmart.se/sites/se/files/styles/product_full/public/products/matvete_zeta.jpg?itok=oK5XDlVV", "product_full_2x": "https://cdn3.matsmart.se/sites/se/files/styles/product_full_2x/public/products/matvete_zeta.jpg?itok=vS_e4Zfk", "product_teaser": "https://cdn3.matsmart.se/sites/se/files/styles/product_teaser/public/products/matvete_zeta.jpg?itok=m7cPbS7E", "product_teaser_2x": "https://cdn3.matsmart.se/sites/se/files/styles/product_teaser_2x/public/products/matvete_zeta.jpg?itok=daHb44l5", "product_zoom": "https://cdn3.matsmart.se/sites/se/files/styles/product_zoom/public/products/matvete_zeta.jpg?itok=x_c8ZJry"}}], "max_purchase": "5", "prices": {"comparison_price": "29,27 kr/kg", "price": {"amount": "0", "currency_code": "SEK", "data": {"components": []}}, "old_price": {"amount": "1295", "currency_code": "SEK", "data": {"components": []}}}, "size": "410g", "status": "1", "stock": 0, "vat_rate": "se_intermediate", "volume": {"length": "7.50000", "width": "7.50000", "height": "11.00000", "unit": "cm"}, "weight": {"weight": "487.00000", "unit": "g"}, "product_category": null, "suppliers": [], "seasonal_themes": []}], "published": "0", "status": "0", "sticky": "0", "tags": ["679"]}, {"id": "2826", "label": "Havregryn EKO", "self": "https://api.matsmart.se/api/v1.0/product-displays/2826", "brand": "1227", "brand_name": "Frebaco", "categories": [], "created": "1435842593", "exclude_from_list": null, "product_info": "Ekologiskt svenskt havregryn fr\u00e5n v\u00e4strag\u00f6taland.", "market": "SE", "products": [{"id": "2610", "label": "UTG\u00c5ENDE Havregryn EKO", "self": "https://api.matsmart.se/api/v1.0/products/2610", "best_before": "1461794400", "product_contents": [{"id": "5167", "self": "https://cdn1.matsmart.se/sites/se/files/product_contents/havregryn_eko_bak.jpg", "filemime": "image/jpeg", "filesize": "52888", "width": "800", "height": "629", "styles": ""}], "sku": "7312560040161", "gtin": "", "images": [{"id": "5166", "self": "https://cdn1.matsmart.se/sites/se/files/products/havregryn_eko.jpg", "filemime": "image/jpeg", "filesize": "43138", "width": "800", "height": "800", "styles": {"product_full": "https://cdn1.matsmart.se/sites/se/files/styles/product_full/public/products/havregryn_eko.jpg?itok=SbnO3Uwr", "product_full_2x": "https://cdn1.matsmart.se/sites/se/files/styles/product_full_2x/public/products/havregryn_eko.jpg?itok=cQm1cxd0", "product_teaser": "https://cdn1.matsmart.se/sites/se/files/styles/product_teaser/public/products/havregryn_eko.jpg?itok=xYiLJdbE", "product_teaser_2x": "https://cdn1.matsmart.se/sites/se/files/styles/product_teaser_2x/public/products/havregryn_eko.jpg?itok=_6VgnlHW", "product_zoom": "https://cdn1.matsmart.se/sites/se/files/styles/product_zoom/public/products/havregryn_eko.jpg?itok=h9XK676B"}}], "max_purchase": "", "prices": {"comparison_price": "11.11 kr/kg", "price": {"amount": "1000", "currency_code": "SEK", "data": {"components": []}}, "old_price": {"amount": "1790", "currency_code": "SEK", "data": {"components": []}}}, "size": "900g", "status": "1", "stock": 0, "vat_rate": "se_intermediate", "volume": {"length": "12.00000", "width": "8.00000", "height": "20.00000", "unit": "cm"}, "weight": {"weight": "930.00000", "unit": "g"}, "product_category": null, "suppliers": [], "seasonal_themes": []}], "published": "0", "status": "0", "sticky": "0", "tags": ["679"]}, {"id": "29669", "label": "R\u00e5risblandning Gr\u00f6na Linser, Quinoa & Pumpafr\u00f6n 360g", "self": "https://api.matsmart.se/api/v1.0/product-displays/29669", "brand": "6683", "brand_name": "Paul\u00fans", "categories": [], "created": "1493899649", "exclude_from_list": null, "product_info": "Milt kryddad och riktigt god r\u00e5risblandning. Inneh\u00e5ller extra protein fr\u00e5n bl.a. quinoa, gr\u00f6na linser och pumpafr\u00f6n. Ett bra tillbeh\u00f6r till t.ex. f\u00e5gel och k\u00f6tt.", "market": "SE", "products": [{"id": "9657", "label": "UTG\u00c5ENDE S Mix R\u00e5ris Mungb\u00f6na", "self": "https://api.matsmart.se/api/v1.0/products/9657", "best_before": "1500242400", "product_contents": [{"id": "26151", "self": "https://cdn4.matsmart.se/sites/se/files/product_contents/rarisblandning_grona_linser_quinoa_pumpafron_360g_pauluns_supermix_innehall.png", "filemime": "image/png", "filesize": "36775", "width": "427", "height": "285", "styles": ""}], "sku": "7310240017007", "gtin": "", "images": [{"id": "26156", "self": "https://cdn1.matsmart.se/sites/se/files/products/rarisblandning_grona_linser_quinoa_pumpafron_360g_pauluns_supermix.jpg", "filemime": "image/jpeg", "filesize": "404883", "width": "800", "height": "800", "styles": {"product_full": "https://cdn1.matsmart.se/sites/se/files/styles/product_full/public/products/rarisblandning_grona_linser_quinoa_pumpafron_360g_pauluns_supermix.jpg?itok=oa-TSDC8", "product_full_2x": "https://cdn1.matsmart.se/sites/se/files/styles/product_full_2x/public/products/rarisblandning_grona_linser_quinoa_pumpafron_360g_pauluns_supermix.jpg?itok=sSRTS8B1", "product_teaser": "https://cdn1.matsmart.se/sites/se/files/styles/product_teaser/public/products/rarisblandning_grona_linser_quinoa_pumpafron_360g_pauluns_supermix.jpg?itok=VP4wACaT", "product_teaser_2x": "https://cdn1.matsmart.se/sites/se/files/styles/product_teaser_2x/public/products/rarisblandning_grona_linser_quinoa_pumpafron_360g_pauluns_supermix.jpg?itok=P76z7MJK", "product_zoom": "https://cdn1.matsmart.se/sites/se/files/styles/product_zoom/public/products/rarisblandning_grona_linser_quinoa_pumpafron_360g_pauluns_supermix.jpg?itok=6blKImG2"}}], "max_purchase": "", "prices": {"comparison_price": "55,55 kr/kg", "price": {"amount": "2000", "currency_code": "SEK", "data": {"components": []}}, "old_price": {"amount": "3990", "currency_code": "SEK", "data": {"components": []}}}, "size": "360g", "status": "1", "stock": 0, "vat_rate": "se_intermediate", "volume": {"length": "16.00000", "width": "13.00000", "height": "3.00000", "unit": "cm"}, "weight": {"weight": "370.00000", "unit": "g"}, "product_category": null, "suppliers": [], "seasonal_themes": []}], "published": "0", "status": "0", "sticky": "0", "tags": []}, {"id": "29750", "label": "Majskakor Bovete 130g", "self": "https://api.matsmart.se/api/v1.0/product-displays/29750", "brand": "125", "brand_name": "Friggs", "categories": [], "created": "1513241652", "exclude_from_list": null, "product_info": "Krispiga majskakor med bovete, smaksatta med havssalt. Ekologiska samt fria fr\u00e5n gluten.", "market": "SE", "products": [{"id": "9684", "label": "UTG\u00c5ENDE Tunna majskakor EKO Bovete", "self": "https://api.matsmart.se/api/v1.0/products/9684", "best_before": "1510700400", "product_contents": [{"id": "86406", "self": "https://cdn1.matsmart.se/sites/se/files/product_contents/bovete_innehall.jpg", "filemime": "image/jpeg", "filesize": "353679", "width": "800", "height": "800", "styles": ""}], "sku": "7350028544714", "gtin": "7350028544714", "images": [{"id": "29156", "self": "https://cdn1.matsmart.se/sites/se/files/products/majskakor_bovete_130g_eko_friggs.jpg", "filemime": "image/jpeg", "filesize": "237527", "width": "800", "height": "800", "styles": {"product_full": "https://cdn1.matsmart.se/sites/se/files/styles/product_full/public/products/majskakor_bovete_130g_eko_friggs.jpg?itok=LAAqcBwz", "product_full_2x": "https://cdn1.matsmart.se/sites/se/files/styles/product_full_2x/public/products/majskakor_bovete_130g_eko_friggs.jpg?itok=mLbs7_NW", "product_teaser": "https://cdn1.matsmart.se/sites/se/files/styles/product_teaser/public/products/majskakor_bovete_130g_eko_friggs.jpg?itok=sjJ4XgSH", "product_teaser_2x": "https://cdn1.matsmart.se/sites/se/files/styles/product_teaser_2x/public/products/majskakor_bovete_130g_eko_friggs.jpg?itok=sDyFR7Oa", "product_zoom": "https://cdn1.matsmart.se/sites/se/files/styles/product_zoom/public/products/majskakor_bovete_130g_eko_friggs.jpg?itok=XBkLQLTj"}}], "max_purchase": "", "prices": {"comparison_price": "115,38 kr/kg", "price": {"amount": "500", "currency_code": "SEK", "data": {"components": []}}, "old_price": {"amount": "1990", "currency_code": "SEK", "data": {"components": []}}}, "size": "130g", "status": "1", "stock": 0, "vat_rate": "se_intermediate", "volume": {"length": "17.50000", "width": "8.00000", "height": "8.00000", "unit": "cm"}, "weight": {"weight": "157.00000", "unit": "g"}, "product_category": null, "suppliers": [], "seasonal_themes": []}], "published": "0", "status": "0", "sticky": "0", "tags": ["679", "9398"]}, {"id": "31121", "label": "Bars Chia-F\u00e4nk\u00e5ls- & Gojib\u00e4r 20-pack", "self": "https://api.matsmart.se/api/v1.0/product-displays/31121", "brand": "4531", "brand_name": "Smiling", "categories": ["14986"], "created": "1588085981", "exclude_from_list": false, "product_info": "20 stycken bars av f\u00e4nk\u00e5lsfr\u00f6n, chiafr\u00f6n och gojib\u00e4r.\u00a0Barsen \u00e4r Fairtrade- och Ekologiskt certifierad och enbart gjord p\u00e5 naturliga ingredienser. F\u00e4nk\u00e5lsfr\u00f6 som smaks\u00e4ttare ger en god lakritston samtidigt som n\u00f6tter och fr\u00f6er ger bra tuggmotst\u00e5nd.\u00a0", "market": "SE", "products": [{"id": "10096", "label": "UTG\u00c5ENDE 20-pack Smiling Chia/F\u00e4nk\u00e5lsfr\u00f6n/Gojib\u00e4r 45g eko", "self": "https://api.matsmart.se/api/v1.0/products/10096", "best_before": "1608159600", "product_contents": [{"id": "75251", "self": "https://cdn4.matsmart.se/sites/se/files/product_contents/hel_lada_chia-_fankals-_gojibarsbar_20_x_45g_innehall.jpg", "filemime": "image/jpeg", "filesize": "144173", "width": "800", "height": "800", "styles": ""}, {"id": "316106", "self": "https://cdn4.matsmart.se/sites/se/files/product_contents/smiling_chia_fennel_gojiberries_eko.jpg", "filemime": "image/jpeg", "filesize": "143600", "width": "800", "height": "800", "styles": ""}], "sku": "17350071470418", "gtin": "17350071470418", "images": [{"id": "41481", "self": "https://cdn4.matsmart.se/sites/se/files/products/chia_fennel_gojiberries_smiling_hel_lada_bars.jpg", "filemime": "image/jpeg", "filesize": "365844", "width": "800", "height": "800", "styles": {"product_full": "https://cdn4.matsmart.se/sites/se/files/styles/product_full/public/products/chia_fennel_gojiberries_smiling_hel_lada_bars.jpg?itok=O40jpWWv", "product_full_2x": "https://cdn4.matsmart.se/sites/se/files/styles/product_full_2x/public/products/chia_fennel_gojiberries_smiling_hel_lada_bars.jpg?itok=fkZtnpDA", "product_teaser": "https://cdn4.matsmart.se/sites/se/files/styles/product_teaser/public/products/chia_fennel_gojiberries_smiling_hel_lada_bars.jpg?itok=cFZP_qw6", "product_teaser_2x": "https://cdn4.matsmart.se/sites/se/files/styles/product_teaser_2x/public/products/chia_fennel_gojiberries_smiling_hel_lada_bars.jpg?itok=1Q_RB-BY", "product_zoom": "https://cdn4.matsmart.se/sites/se/files/styles/product_zoom/public/products/chia_fennel_gojiberries_smiling_hel_lada_bars.jpg?itok=ahtjaBQg"}}], "max_purchase": "", "prices": {"comparison_price": "221,11 kr/kg", "price": {"amount": "19900", "currency_code": "SEK", "data": {"components": []}}, "old_price": {"amount": "32900", "currency_code": "SEK", "data": {"components": []}}}, "size": "20 x 45 g", "status": "1", "stock": 70, "vat_rate": "se_intermediate", "volume": {"length": "20.50000", "width": "15.00000", "height": "7.00000", "unit": "cm"}, "weight": {"weight": "1050.00000", "unit": "g"}, "product_category": "20936", "suppliers": [], "seasonal_themes": []}], "published": "1588085981", "status": "1", "sticky": "0", "tags": ["679"]}, {"id": "31136", "label": "Gr\u00f6t Havre & Quinoa 750g", "self": "https://api.matsmart.se/api/v1.0/product-displays/31136", "brand": "1227", "brand_name": "Frebaco", "categories": [], "created": "1508922612", "exclude_from_list": null, "product_info": "Ekologisk samt Nyckelh\u00e5ls-m\u00e4rkt gr\u00f6t av havre och quinoa. Rik p\u00e5 kostfiber och inneh\u00e5ller m\u00e5nga andra n\u00e4rings\u00e4mnen som g\u00f6r kroppen gott. Avnjuts b\u00e4st tillsammans med mj\u00f6lk!\u00a0", "market": "SE", "products": [{"id": "10101", "label": "UTG\u00c5ENDE Havre &amp; Quinoa Gr\u00f6t 750g", "self": "https://api.matsmart.se/api/v1.0/products/10101", "best_before": "1518735600", "product_contents": [{"id": "30356", "self": "https://cdn4.matsmart.se/sites/se/files/product_contents/havre_quinoa_grot_750g_frebaco_innehall.png", "filemime": "image/png", "filesize": "27757", "width": "430", "height": "253", "styles": ""}], "sku": "7312560042004", "gtin": "7312560042004", "images": [{"id": "30361", "self": "https://cdn2.matsmart.se/sites/se/files/products/ekologisk_grot_quinoa_havre_frebaco.jpg", "filemime": "image/jpeg", "filesize": "368100", "width": "800", "height": "800", "styles": {"product_full": "https://cdn2.matsmart.se/sites/se/files/styles/product_full/public/products/ekologisk_grot_quinoa_havre_frebaco.jpg?itok=I7wb80VQ", "product_full_2x": "https://cdn2.matsmart.se/sites/se/files/styles/product_full_2x/public/products/ekologisk_grot_quinoa_havre_frebaco.jpg?itok=aWJ6TRw8", "product_teaser": "https://cdn2.matsmart.se/sites/se/files/styles/product_teaser/public/products/ekologisk_grot_quinoa_havre_frebaco.jpg?itok=3C6rr46B", "product_teaser_2x": "https://cdn2.matsmart.se/sites/se/files/styles/product_teaser_2x/public/products/ekologisk_grot_quinoa_havre_frebaco.jpg?itok=OdOY4zP-", "product_zoom": "https://cdn2.matsmart.se/sites/se/files/styles/product_zoom/public/products/ekologisk_grot_quinoa_havre_frebaco.jpg?itok=7R8kgqLZ"}}], "max_purchase": "", "prices": {"comparison_price": "13,33 kr/kg", "price": {"amount": "1000", "currency_code": "SEK", "data": {"components": []}}, "old_price": {"amount": "2195", "currency_code": "SEK", "data": {"components": []}}}, "size": "750g", "status": "1", "stock": 0, "vat_rate": "se_intermediate", "volume": {"length": "22.00000", "width": "14.00000", "height": "6.00000", "unit": "cm"}, "weight": {"weight": "766.00000", "unit": "g"}, "product_category": null, "suppliers": [], "seasonal_themes": []}], "published": "0", "status": "0", "sticky": "0", "tags": ["679"]}, {"id": "42121", "label": "Kaffekapslar \"Latte Macchiato\" 16st", "self": "https://api.matsmart.se/api/v1.0/product-displays/42121", "brand": "1239", "brand_name": "nescafe", "categories": [], "created": "1505482085", "exclude_from_list": null, "product_info": "16 stycken kaffekapslar f\u00f6r Dolce Gusto-maskinerna.\u00a0Latte Macchiato \u00e4r en skummig, kr\u00e4mig mj\u00f6lk som \u00e4r l\u00e4tt s\u00f6tad med ett lager h\u00e4rlig och fyllig espresso. Detta \u00e4r den perfekta kaffekicken n\u00e4rhelst p\u00e5 dygnet du beh\u00f6ver den.\u00a0Ger totalt 8 koppar.", "market": "SE", "products": [{"id": "13696", "label": "UTG\u00c5ENDE Dolce Gusto Latte Macchiato Light 16Cap", "self": "https://api.matsmart.se/api/v1.0/products/13696", "best_before": "1511996400", "product_contents": [{"id": "48056", "self": "https://cdn4.matsmart.se/sites/se/files/product_contents/dolce_gusto_latte_macchiato_innehall.jpg", "filemime": "image/jpeg", "filesize": "187947", "width": "800", "height": "800", "styles": ""}], "sku": "7613031587339", "gtin": "7613031587339", "images": [{"id": "48051", "self": "https://cdn3.matsmart.se/sites/se/files/products/nestle_dolce_gusto_latte_macchiato.jpg", "filemime": "image/jpeg", "filesize": "106548", "width": "800", "height": "800", "styles": {"product_full": "https://cdn3.matsmart.se/sites/se/files/styles/product_full/public/products/nestle_dolce_gusto_latte_macchiato.jpg?itok=ysz-GOht", "product_full_2x": "https://cdn3.matsmart.se/sites/se/files/styles/product_full_2x/public/products/nestle_dolce_gusto_latte_macchiato.jpg?itok=nzvuTIPV", "product_teaser": "https://cdn3.matsmart.se/sites/se/files/styles/product_teaser/public/products/nestle_dolce_gusto_latte_macchiato.jpg?itok=kQCOSbAt", "product_teaser_2x": "https://cdn3.matsmart.se/sites/se/files/styles/product_teaser_2x/public/products/nestle_dolce_gusto_latte_macchiato.jpg?itok=Q8q-lEoS", "product_zoom": "https://cdn3.matsmart.se/sites/se/files/styles/product_zoom/public/products/nestle_dolce_gusto_latte_macchiato.jpg?itok=pqITWZW6"}}], "max_purchase": "", "prices": {"comparison_price": "1,81 kr/st", "price": {"amount": "2900", "currency_code": "SEK", "data": {"components": []}}, "old_price": {"amount": "5390", "currency_code": "SEK", "data": {"components": []}}}, "size": "16st", "status": "1", "stock": 0, "vat_rate": "se_intermediate", "volume": {"length": "11.50000", "width": "11.50000", "height": "11.50000", "unit": "cm"}, "weight": {"weight": "238.00000", "unit": "g"}, "product_category": null, "suppliers": [], "seasonal_themes": []}], "published": "0", "status": "0", "sticky": "0", "tags": []}, {"id": "43486", "label": "Havrem\u00e5l Tranb\u00e4r & Chiafr\u00f6n 8 x 30g", "self": "https://api.matsmart.se/api/v1.0/product-displays/43486", "brand": "410", "brand_name": "G\u00f6teborgs", "categories": [], "created": "1527495877", "exclude_from_list": null, "product_info": "Smidigt mellanm\u00e5l fullt med kostfibrer som ger energi under dagen, h\u00e4r med tranb\u00e4r och chiafr\u00f6n. Ett bra m\u00e5l n\u00e4r du \u00e4r p\u00e5 spr\u00e5ng!\u00a0", "market": "SE", "products": [{"id": "14131", "label": "UTG\u00c5ENDE Digestive Havre Chia Tranb\u00e4r", "self": "https://api.matsmart.se/api/v1.0/products/14131", "best_before": "1534802400", "product_contents": [{"id": "136051", "self": "https://cdn4.matsmart.se/sites/se/files/product_contents/havremal_innehall_ny.jpg", "filemime": "image/jpeg", "filesize": "481863", "width": "800", "height": "800", "styles": ""}], "sku": "7310520006172", "gtin": "7310520006172", "images": [{"id": "68711", "self": "https://cdn3.matsmart.se/sites/se/files/products/havremal_digestive_tranbar_chiafron.jpg", "filemime": "image/jpeg", "filesize": "381801", "width": "800", "height": "800", "styles": {"product_full": "https://cdn3.matsmart.se/sites/se/files/styles/product_full/public/products/havremal_digestive_tranbar_chiafron.jpg?itok=SU7jpd7i", "product_full_2x": "https://cdn3.matsmart.se/sites/se/files/styles/product_full_2x/public/products/havremal_digestive_tranbar_chiafron.jpg?itok=w5N13vcB", "product_teaser": "https://cdn3.matsmart.se/sites/se/files/styles/product_teaser/public/products/havremal_digestive_tranbar_chiafron.jpg?itok=z5LjrM6B", "product_teaser_2x": "https://cdn3.matsmart.se/sites/se/files/styles/product_teaser_2x/public/products/havremal_digestive_tranbar_chiafron.jpg?itok=AOiiny54", "product_zoom": "https://cdn3.matsmart.se/sites/se/files/styles/product_zoom/public/products/havremal_digestive_tranbar_chiafron.jpg?itok=lK_ftTIO"}}], "max_purchase": "", "prices": {"comparison_price": "62,5 kr/kg", "price": {"amount": "1500", "currency_code": "SEK", "data": {"components": []}}, "old_price": {"amount": "2295", "currency_code": "SEK", "data": {"components": []}}}, "size": "8 x 30g", "status": "1", "stock": 0, "vat_rate": "se_intermediate", "volume": {"length": "19.00000", "width": "12.50000", "height": "5.50000", "unit": "cm"}, "weight": {"weight": "292.00000", "unit": "g"}, "product_category": null, "suppliers": [], "seasonal_themes": []}], "published": "0", "status": "0", "sticky": "0", "tags": []}, {"id": "4412", "label": "Chiafr\u00f6n 200g", "self": "https://api.matsmart.se/api/v1.0/product-displays/4412", "brand": "139", "brand_name": "Pride", "categories": [], "created": "1518704542", "exclude_from_list": null, "product_info": "Chiafr\u00f6n som inneh\u00e5ller ett h\u00f6gt v\u00e4rde av Omega-3 och protein. Prova att str\u00f6 \u00f6ver filen eller gr\u00f6ten, supernyttigt!", "market": "SE", "products": [{"id": "4124", "label": "UTG\u00c5ENDE Chiafr\u00f6n", "self": "https://api.matsmart.se/api/v1.0/products/4124", "best_before": "1543532400", "product_contents": [{"id": "107201", "self": "https://cdn1.matsmart.se/sites/se/files/product_contents/pride_chiafron_innehall.jpg", "filemime": "image/jpeg", "filesize": "365697", "width": "800", "height": "800", "styles": ""}], "sku": "7314680008021", "gtin": "7314680008021", "images": [{"id": "107196", "self": "https://cdn2.matsmart.se/sites/se/files/products/pride_chiaforn.jpg", "filemime": "image/jpeg", "filesize": "318387", "width": "800", "height": "800", "styles": {"product_full": "https://cdn2.matsmart.se/sites/se/files/styles/product_full/public/products/pride_chiaforn.jpg?itok=TfiW0-59", "product_full_2x": "https://cdn2.matsmart.se/sites/se/files/styles/product_full_2x/public/products/pride_chiaforn.jpg?itok=bwc8sMMS", "product_teaser": "https://cdn2.matsmart.se/sites/se/files/styles/product_teaser/public/products/pride_chiaforn.jpg?itok=LIiqaCNX", "product_teaser_2x": "https://cdn2.matsmart.se/sites/se/files/styles/product_teaser_2x/public/products/pride_chiaforn.jpg?itok=JwxeqbHP", "product_zoom": "https://cdn2.matsmart.se/sites/se/files/styles/product_zoom/public/products/pride_chiaforn.jpg?itok=4CT6bdUT"}}], "max_purchase": "", "prices": {"comparison_price": "95,00 kr/kg", "price": {"amount": "1900", "currency_code": "SEK", "data": {"components": []}}, "old_price": {"amount": "2995", "currency_code": "SEK", "data": {"components": []}}, "price_table": {"amount": "1500", "currency_code": "SEK", "min_qty": "3", "max_qty": "-1", "data": {"components": []}}}, "size": "200g", "status": "1", "stock": 0, "vat_rate": "se_intermediate", "volume": {"length": "15.00000", "width": "11.00000", "height": "3.00000", "unit": "cm"}, "weight": {"weight": "207.00000", "unit": "g"}, "product_category": null, "suppliers": [], "seasonal_themes": []}], "published": "0", "status": "0", "sticky": "0", "tags": []}, {"id": "4585", "label": "Havregryn Glutenfritt", "self": "https://api.matsmart.se/api/v1.0/product-displays/4585", "brand": "4432", "brand_name": "Provena", "categories": [], "created": "1452249738", "exclude_from_list": null, "product_info": "Glutenfria havregryn d\u00e4r man har valt ut de extra stora grynen som g\u00f6r sig extra bra till gr\u00f6ten eller m\u00fcslin.", "market": "SE", "products": [{"id": "4284", "label": "UTG\u00c5ENDE Glutenfritt Havregryn", "self": "https://api.matsmart.se/api/v1.0/products/4284", "best_before": "1464472800", "product_contents": [{"id": "8486", "self": "https://cdn1.matsmart.se/sites/se/files/product_contents/jumbo_havre_gluten_fritt_innehall.jpg", "filemime": "image/jpeg", "filesize": "474937", "width": "800", "height": "800", "styles": ""}], "sku": "6411200107163", "gtin": null, "images": [{"id": "8485", "self": "https://cdn3.matsmart.se/sites/se/files/products/gluten_fri_jumbo_havre_.jpg", "filemime": "image/jpeg", "filesize": "329553", "width": "800", "height": "800", "styles": {"product_full": "https://cdn3.matsmart.se/sites/se/files/styles/product_full/public/products/gluten_fri_jumbo_havre_.jpg?itok=G6IbbrPV", "product_full_2x": "https://cdn3.matsmart.se/sites/se/files/styles/product_full_2x/public/products/gluten_fri_jumbo_havre_.jpg?itok=w2lOVIVh", "product_teaser": "https://cdn3.matsmart.se/sites/se/files/styles/product_teaser/public/products/gluten_fri_jumbo_havre_.jpg?itok=5iHw7NY1", "product_teaser_2x": "https://cdn3.matsmart.se/sites/se/files/styles/product_teaser_2x/public/products/gluten_fri_jumbo_havre_.jpg?itok=8-mT-amI", "product_zoom": "https://cdn3.matsmart.se/sites/se/files/styles/product_zoom/public/products/gluten_fri_jumbo_havre_.jpg?itok=93aWf1Jh"}}], "max_purchase": "", "prices": {"comparison_price": "30 kr/kg", "price": {"amount": "1500", "currency_code": "SEK", "data": {"components": []}}, "old_price": {"amount": "1990", "currency_code": "SEK", "data": {"components": []}}, "price_table": {"amount": "1250", "currency_code": "SEK", "min_qty": "2", "max_qty": "-1", "data": {"components": []}}}, "size": "500g", "status": "1", "stock": 0, "vat_rate": "se_intermediate", "volume": {"length": "22.50000", "width": "14.00000", "height": "5.00000", "unit": "cm"}, "weight": {"weight": "542.00000", "unit": "g"}, "product_category": null, "suppliers": [], "seasonal_themes": []}], "published": "0", "status": "0", "sticky": "0", "tags": []}, {"id": "4665", "label": "Quinoaflingor", "self": "https://api.matsmart.se/api/v1.0/product-displays/4665", "brand": "4965", "brand_name": "Salt\u00e5 Kvarn", "categories": [], "created": "1453796345", "exclude_from_list": null, "product_info": "Quinoaflingor \u00e4r rikt p\u00e5 j\u00e4rn och magnesium. Det \u00e4r ocks\u00e5 en k\u00e4lla till protein och fritt fr\u00e5n gluten. Goda till gr\u00f6t, panering, i m\u00fcsli med mera. \u00a0", "market": "SE", "products": [{"id": "4361", "label": "UTG\u00c5ENDE Quinoaflingor", "self": "https://api.matsmart.se/api/v1.0/products/4361", "best_before": "1459375200", "product_contents": [{"id": "8989", "self": "https://cdn4.matsmart.se/sites/se/files/product_contents/quinoa_flingor_innehall.jpg", "filemime": "image/jpeg", "filesize": "116503", "width": "800", "height": "800", "styles": ""}], "sku": "7317731521401", "gtin": null, "images": [{"id": "8988", "self": "https://cdn3.matsmart.se/sites/se/files/products/quinoa_flingor_.jpg", "filemime": "image/jpeg", "filesize": "406759", "width": "800", "height": "800", "styles": {"product_full": "https://cdn3.matsmart.se/sites/se/files/styles/product_full/public/products/quinoa_flingor_.jpg?itok=ebZ62VKk", "product_full_2x": "https://cdn3.matsmart.se/sites/se/files/styles/product_full_2x/public/products/quinoa_flingor_.jpg?itok=qgRHa2C9", "product_teaser": "https://cdn3.matsmart.se/sites/se/files/styles/product_teaser/public/products/quinoa_flingor_.jpg?itok=ATskkIZ9", "product_teaser_2x": "https://cdn3.matsmart.se/sites/se/files/styles/product_teaser_2x/public/products/quinoa_flingor_.jpg?itok=a-ELlfnB", "product_zoom": "https://cdn3.matsmart.se/sites/se/files/styles/product_zoom/public/products/quinoa_flingor_.jpg?itok=Yqb_Ua1b"}}], "max_purchase": "", "prices": {"comparison_price": "100 kr/kg", "price": {"amount": "2500", "currency_code": "SEK", "data": {"components": []}}, "old_price": {"amount": "4990", "currency_code": "SEK", "data": {"components": []}}, "price_table": {"amount": "2250", "currency_code": "SEK", "min_qty": "2", "max_qty": "-1", "data": {"components": []}}}, "size": "250g", "status": "1", "stock": 0, "vat_rate": "se_intermediate", "volume": {"length": "22.50000", "width": "15.00000", "height": "6.50000", "unit": "cm"}, "weight": {"weight": "262.00000", "unit": "g"}, "product_category": null, "suppliers": [], "seasonal_themes": []}], "published": "0", "status": "0", "sticky": "0", "tags": ["679"]}, {"id": "48681", "label": "Kex \"Hirs & Chiakex\" 150g", "self": "https://api.matsmart.se/api/v1.0/product-displays/48681", "brand": "8546", "brand_name": "Ren\u00e9e Voltaire", "categories": [], "created": "1501682405", "exclude_from_list": null, "product_info": "Spr\u00f6da kex av bovete, hirs och chiafr\u00f6n. Ekologiskt och gott!\u00a0", "market": "SE", "products": [{"id": "15831", "label": "UTG\u00c5ENDE Hirs &amp; Chia Bovetekex 150g EKO", "self": "https://api.matsmart.se/api/v1.0/products/15831", "best_before": "1498860000", "product_contents": [{"id": "52211", "self": "https://cdn3.matsmart.se/sites/se/files/product_contents/hirs_chiakex_innehall.jpg", "filemime": "image/jpeg", "filesize": "357754", "width": "800", "height": "800", "styles": ""}], "sku": "7340130501088", "gtin": "7340130501088", "images": [{"id": "52206", "self": "https://cdn1.matsmart.se/sites/se/files/products/hirs_chiakex.jpg", "filemime": "image/jpeg", "filesize": "280104", "width": "800", "height": "800", "styles": {"product_full": "https://cdn1.matsmart.se/sites/se/files/styles/product_full/public/products/hirs_chiakex.jpg?itok=yFgNH-oj", "product_full_2x": "https://cdn1.matsmart.se/sites/se/files/styles/product_full_2x/public/products/hirs_chiakex.jpg?itok=31yeLMRh", "product_teaser": "https://cdn1.matsmart.se/sites/se/files/styles/product_teaser/public/products/hirs_chiakex.jpg?itok=slOaWp1s", "product_teaser_2x": "https://cdn1.matsmart.se/sites/se/files/styles/product_teaser_2x/public/products/hirs_chiakex.jpg?itok=snp3aDxz", "product_zoom": "https://cdn1.matsmart.se/sites/se/files/styles/product_zoom/public/products/hirs_chiakex.jpg?itok=ZbcaSeVF"}}], "max_purchase": "", "prices": {"comparison_price": "126,66 kr/kg", "price": {"amount": "1900", "currency_code": "SEK", "data": {"components": []}}, "old_price": {"amount": "4500", "currency_code": "SEK", "data": {"components": []}}}, "size": "150g", "status": "1", "stock": 0, "vat_rate": "se_intermediate", "volume": {"length": "18.00000", "width": "9.50000", "height": "9.00000", "unit": "cm"}, "weight": {"weight": "188.00000", "unit": "g"}, "product_category": null, "suppliers": [], "seasonal_themes": []}], "published": "0", "status": "0", "sticky": "0", "tags": ["679"]}, {"id": "4889", "label": "Chiafr\u00f6n", "self": "https://api.matsmart.se/api/v1.0/product-displays/4889", "brand": "534", "brand_name": "Risenta", "categories": [], "created": "1453362317", "exclude_from_list": null, "product_info": "Chiafr\u00f6n fr\u00e5n Risenta.\u00a0Chiafr\u00f6n \u00e4r en mycket bra k\u00e4lla till protein, omega-3 och kalcium. Anv\u00e4nd dem i gr\u00f6ten, m\u00fcslin eller varf\u00f6r inte i br\u00f6dbaket.", "market": "SE", "products": [{"id": "4579", "label": "UTG\u00c5ENDE Chiafr\u00f6n", "self": "https://api.matsmart.se/api/v1.0/products/4579", "best_before": "1460152800", "product_contents": [{"id": "9098", "self": "https://cdn4.matsmart.se/sites/se/files/product_contents/chiafron_risenta_innehall.jpg", "filemime": "image/jpeg", "filesize": "175419", "width": "800", "height": "800", "styles": ""}], "sku": "7312631203501", "gtin": null, "images": [{"id": "9097", "self": "https://cdn1.matsmart.se/sites/se/files/products/chiafron_risenta.jpg", "filemime": "image/jpeg", "filesize": "251902", "width": "800", "height": "800", "styles": {"product_full": "https://cdn1.matsmart.se/sites/se/files/styles/product_full/public/products/chiafron_risenta.jpg?itok=o66xSTKI", "product_full_2x": "https://cdn1.matsmart.se/sites/se/files/styles/product_full_2x/public/products/chiafron_risenta.jpg?itok=ndm9ZE0S", "product_teaser": "https://cdn1.matsmart.se/sites/se/files/styles/product_teaser/public/products/chiafron_risenta.jpg?itok=V9cOahLi", "product_teaser_2x": "https://cdn1.matsmart.se/sites/se/files/styles/product_teaser_2x/public/products/chiafron_risenta.jpg?itok=cs-t6oji", "product_zoom": "https://cdn1.matsmart.se/sites/se/files/styles/product_zoom/public/products/chiafron_risenta.jpg?itok=vyQlpwhC"}}], "max_purchase": "", "prices": {"comparison_price": "83.33 kr/kg", "price": {"amount": "2500", "currency_code": "SEK", "data": {"components": []}}, "old_price": {"amount": "4900", "currency_code": "SEK", "data": {"components": []}}}, "size": "300g", "status": "1", "stock": 0, "vat_rate": "se_intermediate", "volume": {"length": "15.50000", "width": "10.00000", "height": "5.00000", "unit": "cm"}, "weight": {"weight": "312.00000", "unit": "g"}, "product_category": null, "suppliers": [], "seasonal_themes": []}], "published": "0", "status": "0", "sticky": "0", "tags": []}, {"id": "4949", "label": "Chiafr\u00f6n", "self": "https://api.matsmart.se/api/v1.0/product-displays/4949", "brand": "978", "brand_name": "Kung Markatta", "categories": [], "created": "1453899170", "exclude_from_list": null, "product_info": "Ekologiska chiafr\u00f6n fr\u00e5n Kung Markatta. Chiafr\u00f6n \u00e4r en mycket bra k\u00e4lla till protein och omega-3. Anv\u00e4nd dem i gr\u00f6ten, m\u00fcslin eller varf\u00f6r inte i br\u00f6dbaket!\u00a0", "market": "SE", "products": [{"id": "4637", "label": "UTG\u00c5ENDE Chiafr\u00f6n EKO", "self": "https://api.matsmart.se/api/v1.0/products/4637", "best_before": "1472594400", "product_contents": [{"id": "9066", "self": "https://cdn2.matsmart.se/sites/se/files/product_contents/kung_markatta_chia_fron_innehall.jpg", "filemime": "image/jpeg", "filesize": "241682", "width": "800", "height": "800", "styles": ""}], "sku": "7391835917674", "gtin": null, "images": [{"id": "9065", "self": "https://cdn2.matsmart.se/sites/se/files/products/kung_markatta_chia_fron.jpg", "filemime": "image/jpeg", "filesize": "332213", "width": "800", "height": "800", "styles": {"product_full": "https://cdn2.matsmart.se/sites/se/files/styles/product_full/public/products/kung_markatta_chia_fron.jpg?itok=P47cKQ9G", "product_full_2x": "https://cdn2.matsmart.se/sites/se/files/styles/product_full_2x/public/products/kung_markatta_chia_fron.jpg?itok=iprGdXdm", "product_teaser": "https://cdn2.matsmart.se/sites/se/files/styles/product_teaser/public/products/kung_markatta_chia_fron.jpg?itok=Xltw9Sxm", "product_teaser_2x": "https://cdn2.matsmart.se/sites/se/files/styles/product_teaser_2x/public/products/kung_markatta_chia_fron.jpg?itok=pPclbHHa", "product_zoom": "https://cdn2.matsmart.se/sites/se/files/styles/product_zoom/public/products/kung_markatta_chia_fron.jpg?itok=p2wH5wVe"}}], "max_purchase": "", "prices": {"comparison_price": "163.5 kr/kg", "price": {"amount": "4900", "currency_code": "SEK", "data": {"components": []}}, "old_price": {"amount": "9900", "currency_code": "SEK", "data": {"components": []}}}, "size": "300g", "status": "1", "stock": 0, "vat_rate": "se_intermediate", "volume": {"length": "21.00000", "width": "14.50000", "height": "4.00000", "unit": "cm"}, "weight": {"weight": "306.00000", "unit": "g"}, "product_category": null, "suppliers": [], "seasonal_themes": []}], "published": "0", "status": "0", "sticky": "0", "tags": []}, {"id": "50086", "label": "Eko Chiapudding \"Mango & Passion Fruit\" 150g", "self": "https://api.matsmart.se/api/v1.0/product-displays/50086", "brand": "11401", "brand_name": "ChiaGo", "categories": ["14986"], "created": "1551273984", "exclude_from_list": null, "product_info": "Smoothie med en mix av chiafr\u00f6n, mango, passionsfrukt och gurkmeja i en smidig squeezy. Inneh\u00e5ller 100 procent naturliga och ekologiska ingredienser. Rik p\u00e5 fibrer och omega-3.", "market": "SE", "products": [{"id": "16291", "label": "UTG\u00c5ENDE CHIA GO -  Mango Pssionfruit Turmeric EKO", "self": "https://api.matsmart.se/api/v1.0/products/16291", "best_before": "1565906400", "product_contents": [{"id": "54536", "self": "https://cdn3.matsmart.se/sites/se/files/product_contents/chiapudding_22mango_passion_fruit22_150g_innehall.jpg", "filemime": "image/jpeg", "filesize": "190807", "width": "800", "height": "800", "styles": ""}], "sku": "7350090030016", "gtin": "7350090030016", "images": [{"id": "54531", "self": "https://cdn3.matsmart.se/sites/se/files/products/chia_go_pudding_mango_passion_fruit.jpg", "filemime": "image/jpeg", "filesize": "282144", "width": "800", "height": "800", "styles": {"product_full": "https://cdn3.matsmart.se/sites/se/files/styles/product_full/public/products/chia_go_pudding_mango_passion_fruit.jpg?itok=2fI6toTh", "product_full_2x": "https://cdn3.matsmart.se/sites/se/files/styles/product_full_2x/public/products/chia_go_pudding_mango_passion_fruit.jpg?itok=iFd0Am7G", "product_teaser": "https://cdn3.matsmart.se/sites/se/files/styles/product_teaser/public/products/chia_go_pudding_mango_passion_fruit.jpg?itok=snBtzWCW", "product_teaser_2x": "https://cdn3.matsmart.se/sites/se/files/styles/product_teaser_2x/public/products/chia_go_pudding_mango_passion_fruit.jpg?itok=5I0396Jj", "product_zoom": "https://cdn3.matsmart.se/sites/se/files/styles/product_zoom/public/products/chia_go_pudding_mango_passion_fruit.jpg?itok=vOI2YIQU"}}], "max_purchase": "", "prices": {"comparison_price": "100,00 kr/kg", "price": {"amount": "1500", "currency_code": "SEK", "data": {"components": []}}, "old_price": {"amount": "2500", "currency_code": "SEK", "data": {"components": []}}, "price_table": {"amount": "1250", "currency_code": "SEK", "min_qty": "2", "max_qty": "-1", "data": {"components": []}}}, "size": "150g", "status": "1", "stock": 0, "vat_rate": "se_intermediate", "volume": {"length": "15.50000", "width": "9.00000", "height": "3.50000", "unit": "cm"}, "weight": {"weight": "159.00000", "unit": "g"}, "product_category": null, "suppliers": [], "seasonal_themes": []}], "published": "0", "status": "0", "sticky": "0", "tags": ["679", "15376"]}, {"id": "50101", "label": "Eko Chiasmoothie \"Apple & Kiwi\" 150g", "self": "https://api.matsmart.se/api/v1.0/product-displays/50101", "brand": "11401", "brand_name": "ChiaGo", "categories": ["15046"], "created": "1554384328", "exclude_from_list": null, "product_info": "Smoothie med en mix av chiafr\u00f6n, \u00e4pple och kiwi i en smidig squeezy. Inneh\u00e5ller 100 procent naturliga och ekologiska ingredienser. Rik p\u00e5 fibrer och omega-3.\u00a0", "market": "SE", "products": [{"id": "16296", "label": "UTG\u00c5ENDE CHIA GO - Apple Kiwi Spirulina EKO", "self": "https://api.matsmart.se/api/v1.0/products/16296", "best_before": "1565906400", "product_contents": [{"id": "54526", "self": "https://cdn2.matsmart.se/sites/se/files/product_contents/chiapudding_22apple_kiwi22_150g_innehall.jpg", "filemime": "image/jpeg", "filesize": "197005", "width": "800", "height": "800", "styles": ""}], "sku": "7350090030023", "gtin": "7350090030023", "images": [{"id": "54521", "self": "https://cdn3.matsmart.se/sites/se/files/products/apple_kiwi_chia_go_pudding.jpg", "filemime": "image/jpeg", "filesize": "360333", "width": "800", "height": "800", "styles": {"product_full": "https://cdn3.matsmart.se/sites/se/files/styles/product_full/public/products/apple_kiwi_chia_go_pudding.jpg?itok=yzvpFA7r", "product_full_2x": "https://cdn3.matsmart.se/sites/se/files/styles/product_full_2x/public/products/apple_kiwi_chia_go_pudding.jpg?itok=dUwoGHXq", "product_teaser": "https://cdn3.matsmart.se/sites/se/files/styles/product_teaser/public/products/apple_kiwi_chia_go_pudding.jpg?itok=tgX0SfJE", "product_teaser_2x": "https://cdn3.matsmart.se/sites/se/files/styles/product_teaser_2x/public/products/apple_kiwi_chia_go_pudding.jpg?itok=H2NKWEhu", "product_zoom": "https://cdn3.matsmart.se/sites/se/files/styles/product_zoom/public/products/apple_kiwi_chia_go_pudding.jpg?itok=F-WFfcRT"}}], "max_purchase": "", "prices": {"comparison_price": "100,00 kr/kg", "price": {"amount": "1500", "currency_code": "SEK", "data": {"components": []}}, "old_price": {"amount": "2500", "currency_code": "SEK", "data": {"components": []}}, "price_table": {"amount": "1250", "currency_code": "SEK", "min_qty": "2", "max_qty": "-1", "data": {"components": []}}}, "size": "150g", "status": "1", "stock": 0, "vat_rate": "se_intermediate", "volume": {"length": "15.50000", "width": "9.00000", "height": "3.50000", "unit": "cm"}, "weight": {"weight": "154.00000", "unit": "g"}, "product_category": null, "suppliers": [], "seasonal_themes": []}], "published": "0", "status": "0", "sticky": "0", "tags": ["679", "15376", "15936"]}, {"id": "5076", "label": "Quinoamj\u00f6l", "self": "https://api.matsmart.se/api/v1.0/product-displays/5076", "brand": "4965", "brand_name": "Salt\u00e5 Kvarn", "categories": [], "created": "1455287838", "exclude_from_list": null, "product_info": "Ekologiskt quinoamj\u00f6l fr\u00e5n Salt\u00e5 Kvarn. Quinoamj\u00f6l \u00e4r gott\u00a0i gr\u00f6t, pannkakor och till bakning. Det \u00e4r rikt p\u00e5 j\u00e4rn, magnesium och \u00e4r \u00e4ven en k\u00e4lla till protein samt att det \u00e4r helt fritt fr\u00e5n gluten.", "market": "SE", "products": [{"id": "4757", "label": "UTG\u00c5ENDE Quinoamj\u00f6l", "self": "https://api.matsmart.se/api/v1.0/products/4757", "best_before": "1464645600", "product_contents": [{"id": "9448", "self": "https://cdn2.matsmart.se/sites/se/files/product_contents/quinoamjol_innehall.jpg", "filemime": "image/jpeg", "filesize": "140721", "width": "800", "height": "800", "styles": ""}], "sku": "7317731521906", "gtin": null, "images": [{"id": "9447", "self": "https://cdn3.matsmart.se/sites/se/files/products/quinoa_mjol_salta_kvarn.jpg", "filemime": "image/jpeg", "filesize": "371918", "width": "800", "height": "800", "styles": {"product_full": "https://cdn3.matsmart.se/sites/se/files/styles/product_full/public/products/quinoa_mjol_salta_kvarn.jpg?itok=TyTPgZjP", "product_full_2x": "https://cdn3.matsmart.se/sites/se/files/styles/product_full_2x/public/products/quinoa_mjol_salta_kvarn.jpg?itok=BGZ-eeXg", "product_teaser": "https://cdn3.matsmart.se/sites/se/files/styles/product_teaser/public/products/quinoa_mjol_salta_kvarn.jpg?itok=mxwBCaXo", "product_teaser_2x": "https://cdn3.matsmart.se/sites/se/files/styles/product_teaser_2x/public/products/quinoa_mjol_salta_kvarn.jpg?itok=2SRbb0Ex", "product_zoom": "https://cdn3.matsmart.se/sites/se/files/styles/product_zoom/public/products/quinoa_mjol_salta_kvarn.jpg?itok=t0yhE43I"}}], "max_purchase": "", "prices": {"comparison_price": "130 kr/kg", "price": {"amount": "3900", "currency_code": "SEK", "data": {"components": []}}, "old_price": {"amount": "5900", "currency_code": "SEK", "data": {"components": []}}, "price_table": {"amount": "2000", "currency_code": "SEK", "min_qty": "2", "max_qty": "-1", "data": {"components": []}}}, "size": "300g", "status": "1", "stock": 0, "vat_rate": "se_intermediate", "volume": {"length": "23.00000", "width": "14.00000", "height": "6.50000", "unit": "cm"}, "weight": {"weight": "315.00000", "unit": "g"}, "product_category": null, "suppliers": [], "seasonal_themes": []}], "published": "0", "status": "0", "sticky": "0", "tags": ["679"]}, {"id": "516", "label": "Schweppes Russchian", "self": "https://api.matsmart.se/api/v1.0/product-displays/516", "brand": "447", "brand_name": "Schweppes", "categories": [], "created": "1393326049", "exclude_from_list": null, "product_info": "Schweppes Russchian - en klassiker.", "market": "SE", "products": [{"id": "429", "label": "UTG\u00c5ENDE Schweppes Russchian", "self": "https://api.matsmart.se/api/v1.0/products/429", "best_before": "1407967200", "product_contents": [{"id": "813", "self": "https://cdn1.matsmart.se/sites/se/files/product_contents/schweppes_russian_innehall.jpg", "filemime": "image/jpeg", "filesize": "338029", "width": "800", "height": "275", "styles": ""}], "sku": "7310401003269", "gtin": null, "images": [{"id": "812", "self": "https://cdn1.matsmart.se/sites/se/files/products/schweppes_russian.jpg", "filemime": "image/jpeg", "filesize": "200706", "width": "800", "height": "800", "styles": {"product_full": "https://cdn1.matsmart.se/sites/se/files/styles/product_full/public/products/schweppes_russian.jpg?itok=WyLZncan", "product_full_2x": "https://cdn1.matsmart.se/sites/se/files/styles/product_full_2x/public/products/schweppes_russian.jpg?itok=h3Q7UmeK", "product_teaser": "https://cdn1.matsmart.se/sites/se/files/styles/product_teaser/public/products/schweppes_russian.jpg?itok=WOeGe7l5", "product_teaser_2x": "https://cdn1.matsmart.se/sites/se/files/styles/product_teaser_2x/public/products/schweppes_russian.jpg?itok=7G3TorCw", "product_zoom": "https://cdn1.matsmart.se/sites/se/files/styles/product_zoom/public/products/schweppes_russian.jpg?itok=I_ZI_HJP"}}], "max_purchase": "", "prices": {"price": {"amount": "500", "currency_code": "SEK", "data": {"components": []}}, "old_price": {"amount": "1290", "currency_code": "SEK", "data": {"components": [], "include_tax": "12_moms"}}, "container_deposit": {"amount": "100", "currency_code": "SEK", "data": {"components": []}}}, "size": "50 cl", "status": "1", "stock": 0, "vat_rate": "se_intermediate", "volume": {"length": "23.50000", "width": "6.50000", "height": "6.50000", "unit": "cm"}, "weight": {"weight": "435.00000", "unit": "g"}, "product_category": null, "suppliers": [], "seasonal_themes": []}], "published": "0", "status": "0", "sticky": "0", "tags": []}, {"id": "52361", "label": "Vego Protein Solrosfr\u00f6protein & Chia 250g", "self": "https://api.matsmart.se/api/v1.0/product-displays/52361", "brand": "125", "brand_name": "Friggs", "categories": [], "created": "1518686115", "exclude_from_list": null, "product_info": "Vego protein gjord p\u00e5 solrosfr\u00f6protein och chiafr\u00f6n. Perfekt f\u00f6r dig som vill tillf\u00f6ra extra protein i dina m\u00e5ltider och det \u00e4r dessutom rikt p\u00e5 fiber. Prova att blanda i mj\u00f6lk, smoothies, kvarg, chiapuddingar eller gr\u00f6t. Helt ekologiskt!", "market": "SE", "products": [{"id": "17031", "label": "UTG\u00c5ENDE Solrosfr\u00f6protein &amp; Chia", "self": "https://api.matsmart.se/api/v1.0/products/17031", "best_before": "1515625200", "product_contents": [{"id": "56371", "self": "https://cdn1.matsmart.se/sites/se/files/product_contents/vego_protein_friggs_chia_solrosfron_innehall.jpg", "filemime": "image/jpeg", "filesize": "372722", "width": "800", "height": "800", "styles": ""}], "sku": "7350028545452", "gtin": "7350028545452", "images": [{"id": "56366", "self": "https://cdn4.matsmart.se/sites/se/files/products/vego_protein_friggs_chia_solrosfron.jpg", "filemime": "image/jpeg", "filesize": "267207", "width": "800", "height": "800", "styles": {"product_full": "https://cdn4.matsmart.se/sites/se/files/styles/product_full/public/products/vego_protein_friggs_chia_solrosfron.jpg?itok=H-xx6h4t", "product_full_2x": "https://cdn4.matsmart.se/sites/se/files/styles/product_full_2x/public/products/vego_protein_friggs_chia_solrosfron.jpg?itok=fsWrCftj", "product_teaser": "https://cdn4.matsmart.se/sites/se/files/styles/product_teaser/public/products/vego_protein_friggs_chia_solrosfron.jpg?itok=hnA53gSn", "product_teaser_2x": "https://cdn4.matsmart.se/sites/se/files/styles/product_teaser_2x/public/products/vego_protein_friggs_chia_solrosfron.jpg?itok=GptNqXMD", "product_zoom": "https://cdn4.matsmart.se/sites/se/files/styles/product_zoom/public/products/vego_protein_friggs_chia_solrosfron.jpg?itok=Ufw8elMf"}}], "max_purchase": "", "prices": {"comparison_price": "196,00 kr/kg", "price": {"amount": "4900", "currency_code": "SEK", "data": {"components": []}}, "old_price": {"amount": "14900", "currency_code": "SEK", "data": {"components": []}}, "price_table": {"amount": "4500", "currency_code": "SEK", "min_qty": "2", "max_qty": "-1", "data": {"components": []}}}, "size": "250g", "status": "1", "stock": 0, "vat_rate": "se_intermediate", "volume": {"length": "24.50000", "width": "16.50000", "height": "6.00000", "unit": "cm"}, "weight": {"weight": "257.00000", "unit": "g"}, "product_category": null, "suppliers": [], "seasonal_themes": []}], "published": "0", "status": "0", "sticky": "0", "tags": ["679"]}, {"id": "53496", "label": "Gnocchi Bovete 500g", "self": "https://api.matsmart.se/api/v1.0/product-displays/53496", "brand": "9012", "brand_name": "da Carla", "categories": ["14921"], "created": "1504183568", "exclude_from_list": false, "product_info": "Gluten-, \u00e4gg- samt laktosfri gnocchi-pasta som enkelt kokas upp p\u00e5 2-3 minuter. Gjord av ris med fullkorn och bovetemj\u00f6l.", "market": "SE", "products": [{"id": "17401", "label": "UTG\u00c5ENDE Glutenfri gnocchi bovete 500g", "self": "https://api.matsmart.se/api/v1.0/products/17401", "best_before": "1570226400", "product_contents": [{"id": "295591", "self": "https://cdn2.matsmart.se/sites/se/files/product_contents/glutenfri_gnocchi.jpg", "filemime": "image/jpeg", "filesize": "164924", "width": "800", "height": "800", "styles": ""}], "sku": "7340012500123", "gtin": "7340012500123", "images": [{"id": "295586", "self": "https://cdn2.matsmart.se/sites/se/files/products/glutenfri_gnocchi.jpg", "filemime": "image/jpeg", "filesize": "149408", "width": "800", "height": "800", "styles": {"product_full": "https://cdn2.matsmart.se/sites/se/files/styles/product_full/public/products/glutenfri_gnocchi.jpg?itok=9c37vbq_", "product_full_2x": "https://cdn2.matsmart.se/sites/se/files/styles/product_full_2x/public/products/glutenfri_gnocchi.jpg?itok=gqjr394z", "product_teaser": "https://cdn2.matsmart.se/sites/se/files/styles/product_teaser/public/products/glutenfri_gnocchi.jpg?itok=4Psf71M4", "product_teaser_2x": "https://cdn2.matsmart.se/sites/se/files/styles/product_teaser_2x/public/products/glutenfri_gnocchi.jpg?itok=atp2JM0i", "product_zoom": "https://cdn2.matsmart.se/sites/se/files/styles/product_zoom/public/products/glutenfri_gnocchi.jpg?itok=gDK4lX-8"}}], "max_purchase": "", "prices": {"comparison_price": "14,00 kr/kg", "price": {"amount": "700", "currency_code": "SEK", "data": {"components": []}}, "old_price": {"amount": "3790", "currency_code": "SEK", "data": {"components": []}}, "price_table": {"amount": "500", "currency_code": "SEK", "min_qty": "2", "max_qty": "-1", "data": {"components": []}}}, "size": "500g", "status": "1", "stock": 0, "vat_rate": "se_intermediate", "volume": {"length": "18.00000", "width": "15.00000", "height": "4.00000", "unit": "cm"}, "weight": {"weight": "511.00000", "unit": "g"}, "product_category": null, "suppliers": [], "seasonal_themes": []}], "published": "0", "status": "0", "sticky": "0", "tags": ["9398"]}, {"id": "5355", "label": "Fusilli Pasta Bovete", "self": "https://api.matsmart.se/api/v1.0/product-displays/5355", "brand": "7046", "brand_name": "Felicia Bio", "categories": [], "created": "1455884594", "exclude_from_list": null, "product_info": "Fusilli pasta fr\u00e5n Felicia Bio tillverkad av enbart bovetemj\u00f6l. Ekologiskt framtagen och helt fri fr\u00e5n gluten.", "market": "SE", "products": [{"id": "5025", "label": "UTG\u00c5ENDE Felicia Bovete Fusilli", "self": "https://api.matsmart.se/api/v1.0/products/5025", "best_before": "1509055200", "product_contents": [{"id": "9604", "self": "https://cdn4.matsmart.se/sites/se/files/product_contents/felicia_bio_fusilli_di_grano_saraceno_innehall.jpg", "filemime": "image/jpeg", "filesize": "243329", "width": "800", "height": "800", "styles": ""}], "sku": "8032804432017", "gtin": null, "images": [{"id": "9603", "self": "https://cdn3.matsmart.se/sites/se/files/products/felicia_bio_fusilli_di_grano_saraceno.jpg", "filemime": "image/jpeg", "filesize": "391462", "width": "800", "height": "800", "styles": {"product_full": "https://cdn3.matsmart.se/sites/se/files/styles/product_full/public/products/felicia_bio_fusilli_di_grano_saraceno.jpg?itok=FlvyDAfV", "product_full_2x": "https://cdn3.matsmart.se/sites/se/files/styles/product_full_2x/public/products/felicia_bio_fusilli_di_grano_saraceno.jpg?itok=-D8ZsiMd", "product_teaser": "https://cdn3.matsmart.se/sites/se/files/styles/product_teaser/public/products/felicia_bio_fusilli_di_grano_saraceno.jpg?itok=Ca1I-UC1", "product_teaser_2x": "https://cdn3.matsmart.se/sites/se/files/styles/product_teaser_2x/public/products/felicia_bio_fusilli_di_grano_saraceno.jpg?itok=wC0yuTQR", "product_zoom": "https://cdn3.matsmart.se/sites/se/files/styles/product_zoom/public/products/felicia_bio_fusilli_di_grano_saraceno.jpg?itok=EF9VXlvM"}}], "max_purchase": "", "prices": {"comparison_price": "44.12 kr/kg", "price": {"amount": "1500", "currency_code": "SEK", "data": {"components": []}}, "old_price": {"amount": "3500", "currency_code": "SEK", "data": {"components": []}}}, "size": "340g", "status": "1", "stock": 0, "vat_rate": "se_intermediate", "volume": {"length": "19.00000", "width": "13.00000", "height": "5.00000", "unit": "cm"}, "weight": {"weight": "365.00000", "unit": "g"}, "product_category": null, "suppliers": [], "seasonal_themes": []}], "published": "0", "status": "0", "sticky": "0", "tags": ["679"]}, {"id": "5357", "label": "Tortiglioni Pasta Bovete", "self": "https://api.matsmart.se/api/v1.0/product-displays/5357", "brand": "7046", "brand_name": "Felicia Bio", "categories": [], "created": "1456132822", "exclude_from_list": null, "product_info": "Tortiglioni pasta fr\u00e5n Felicia Bio tillverkad av enbart bovetemj\u00f6l. Ekologiskt framtagen och helt fri fr\u00e5n gluten.", "market": "SE", "products": [{"id": "5027", "label": "UTG\u00c5ENDE Felicia Bovete Tortiglioni", "self": "https://api.matsmart.se/api/v1.0/products/5027", "best_before": "1512860400", "product_contents": [{"id": "9608", "self": "https://cdn4.matsmart.se/sites/se/files/product_contents/felicia_bio_tortiglioni_di_grano_saraceno_innehall.jpg", "filemime": "image/jpeg", "filesize": "233749", "width": "800", "height": "800", "styles": ""}], "sku": "8032804433069", "gtin": null, "images": [{"id": "9607", "self": "https://cdn1.matsmart.se/sites/se/files/products/felicia_bio_tortiglioni_di_grano_saraceno.jpg", "filemime": "image/jpeg", "filesize": "390148", "width": "800", "height": "800", "styles": {"product_full": "https://cdn1.matsmart.se/sites/se/files/styles/product_full/public/products/felicia_bio_tortiglioni_di_grano_saraceno.jpg?itok=m-wsDuAo", "product_full_2x": "https://cdn1.matsmart.se/sites/se/files/styles/product_full_2x/public/products/felicia_bio_tortiglioni_di_grano_saraceno.jpg?itok=ozGb9KpD", "product_teaser": "https://cdn1.matsmart.se/sites/se/files/styles/product_teaser/public/products/felicia_bio_tortiglioni_di_grano_saraceno.jpg?itok=3aP8FY-b", "product_teaser_2x": "https://cdn1.matsmart.se/sites/se/files/styles/product_teaser_2x/public/products/felicia_bio_tortiglioni_di_grano_saraceno.jpg?itok=akUkjcTt", "product_zoom": "https://cdn1.matsmart.se/sites/se/files/styles/product_zoom/public/products/felicia_bio_tortiglioni_di_grano_saraceno.jpg?itok=ve6TQvWS"}}], "max_purchase": "", "prices": {"comparison_price": "44.12 kr/kg", "price": {"amount": "1500", "currency_code": "SEK", "data": {"components": []}}, "old_price": {"amount": "3500", "currency_code": "SEK", "data": {"components": []}}}, "size": "340g", "status": "1", "stock": 0, "vat_rate": "se_intermediate", "volume": {"length": "19.00000", "width": "13.00000", "height": "5.00000", "unit": "cm"}, "weight": {"weight": "365.00000", "unit": "g"}, "product_category": null, "suppliers": [], "seasonal_themes": []}], "published": "0", "status": "0", "sticky": "0", "tags": ["679"]}, {"id": "54171", "label": "M\u00fcsli Black Currant & Quinoa", "self": "https://api.matsmart.se/api/v1.0/product-displays/54171", "brand": "547", "brand_name": "Axa", "categories": ["14921"], "created": "1571986563", "exclude_from_list": false, "product_info": "M\u00fcsli som \u00e4r rik p\u00e5 mineralerna j\u00e4rn och magnesium. Inneh\u00e5ller bland annat r\u00e5gflingor, russin, torkade \u00e4ppelbitar, svarta vinb\u00e4r och puffat havre. Nyckelh\u00e5lsm\u00e4rkt!", "market": "SE", "products": [{"id": "17626", "label": "UTG\u00c5ENDE Active M\u00fcsli", "self": "https://api.matsmart.se/api/v1.0/products/17626", "best_before": "1576882800", "product_contents": [{"id": "156121", "self": "https://cdn1.matsmart.se/sites/se/files/product_contents/axa_active_innehall_ny.jpg", "filemime": "image/jpeg", "filesize": "408208", "width": "800", "height": "800", "styles": ""}], "sku": "7310130006852", "gtin": "7310130006852", "images": [{"id": "156116", "self": "https://cdn4.matsmart.se/sites/se/files/products/axa_active_ny.jpg", "filemime": "image/jpeg", "filesize": "537591", "width": "800", "height": "800", "styles": {"product_full": "https://cdn4.matsmart.se/sites/se/files/styles/product_full/public/products/axa_active_ny.jpg?itok=vwJmk79u", "product_full_2x": "https://cdn4.matsmart.se/sites/se/files/styles/product_full_2x/public/products/axa_active_ny.jpg?itok=XndISPvP", "product_teaser": "https://cdn4.matsmart.se/sites/se/files/styles/product_teaser/public/products/axa_active_ny.jpg?itok=TN27u_km", "product_teaser_2x": "https://cdn4.matsmart.se/sites/se/files/styles/product_teaser_2x/public/products/axa_active_ny.jpg?itok=TYRaqENm", "product_zoom": "https://cdn4.matsmart.se/sites/se/files/styles/product_zoom/public/products/axa_active_ny.jpg?itok=kOn7soo-"}}], "max_purchase": "", "prices": {"comparison_price": "35,71 kr/kg", "price": {"amount": "2900", "currency_code": "SEK", "data": {"components": []}}, "old_price": {"amount": "4050", "currency_code": "SEK", "data": {"components": []}}}, "size": "700 g", "status": "1", "stock": 0, "vat_rate": "se_intermediate", "volume": {"length": "21.00000", "width": "13.00000", "height": "7.50000", "unit": "cm"}, "weight": {"weight": "704.00000", "unit": "g"}, "product_category": "20721", "suppliers": [], "seasonal_themes": []}], "published": "0", "status": "0", "sticky": "0", "tags": ["18161", "18351"]}, {"id": "54186", "label": "Kokosdryck Quinoa 1l", "self": "https://api.matsmart.se/api/v1.0/product-displays/54186", "brand": "1561", "brand_name": "GoGreen", "categories": ["15056"], "created": "1551436869", "exclude_from_list": null, "product_info": "Osockrad dryck av kokos och quinoa. Fri fr\u00e5n gluten, laktos och mj\u00f6lk! Inneh\u00e5ller rikligt med kalcium.\u00a0", "market": "SE", "products": [{"id": "17631", "label": "UTG\u00c5ENDE Quinoa Och Kokosdryck", "self": "https://api.matsmart.se/api/v1.0/products/17631", "best_before": "1555797600", "product_contents": [{"id": "58561", "self": "https://cdn3.matsmart.se/sites/se/files/product_contents/go_green_quinoa_kokosdryck_innehall.jpg", "filemime": "image/jpeg", "filesize": "416856", "width": "800", "height": "800", "styles": ""}], "sku": "7310130007484", "gtin": "7310130007484", "images": [{"id": "58556", "self": "https://cdn4.matsmart.se/sites/se/files/products/go_green_kokos_quinoa_dryck.jpg", "filemime": "image/jpeg", "filesize": "291191", "width": "800", "height": "800", "styles": {"product_full": "https://cdn4.matsmart.se/sites/se/files/styles/product_full/public/products/go_green_kokos_quinoa_dryck.jpg?itok=dhBDHvfZ", "product_full_2x": "https://cdn4.matsmart.se/sites/se/files/styles/product_full_2x/public/products/go_green_kokos_quinoa_dryck.jpg?itok=X0B3bZyS", "product_teaser": "https://cdn4.matsmart.se/sites/se/files/styles/product_teaser/public/products/go_green_kokos_quinoa_dryck.jpg?itok=cYfv9ioK", "product_teaser_2x": "https://cdn4.matsmart.se/sites/se/files/styles/product_teaser_2x/public/products/go_green_kokos_quinoa_dryck.jpg?itok=ihGmYY47", "product_zoom": "https://cdn4.matsmart.se/sites/se/files/styles/product_zoom/public/products/go_green_kokos_quinoa_dryck.jpg?itok=_P3SjBAR"}}], "max_purchase": "4", "prices": {"comparison_price": "15,00 kr/l", "price": {"amount": "500", "currency_code": "SEK", "data": {"components": []}}, "old_price": {"amount": "1990", "currency_code": "SEK", "data": {"components": []}}}, "size": "1l", "status": "1", "stock": 0, "vat_rate": "se_intermediate", "volume": {"length": "21.50000", "width": "7.50000", "height": "7.50000", "unit": "cm"}, "weight": {"weight": "1056.00000", "unit": "g"}, "product_category": null, "suppliers": [], "seasonal_themes": []}], "published": "0", "status": "0", "sticky": "0", "tags": []}, {"id": "55896", "label": "Tortillachips Bovete & Chili 70g", "self": "https://api.matsmart.se/api/v1.0/product-displays/55896", "brand": "8546", "brand_name": "Ren\u00e9e Voltaire", "categories": [], "created": "1519717284", "exclude_from_list": null, "product_info": "Ekologiska samt glutenfria tortillachips av bovete, h\u00e4r med kryddig och god smak av chili!\u00a0", "market": "SE", "products": [{"id": "18161", "label": "UTG\u00c5ENDE Tortilla chips Bovete Chili EKO 70g(16)", "self": "https://api.matsmart.se/api/v1.0/products/18161", "best_before": "1525212000", "product_contents": [{"id": "60976", "self": "https://cdn2.matsmart.se/sites/se/files/product_contents/tortillachips_bovete_chili_70g_innehall.png", "filemime": "image/png", "filesize": "529548", "width": "650", "height": "545", "styles": ""}], "sku": "7340130502863", "gtin": "7340130502863", "images": [{"id": "60971", "self": "https://cdn4.matsmart.se/sites/se/files/products/renee_voltaire_chili_bovete_tortilla.jpg", "filemime": "image/jpeg", "filesize": "365904", "width": "800", "height": "800", "styles": {"product_full": "https://cdn4.matsmart.se/sites/se/files/styles/product_full/public/products/renee_voltaire_chili_bovete_tortilla.jpg?itok=QaPNqYCX", "product_full_2x": "https://cdn4.matsmart.se/sites/se/files/styles/product_full_2x/public/products/renee_voltaire_chili_bovete_tortilla.jpg?itok=h4T1HAjX", "product_teaser": "https://cdn4.matsmart.se/sites/se/files/styles/product_teaser/public/products/renee_voltaire_chili_bovete_tortilla.jpg?itok=xm894DaD", "product_teaser_2x": "https://cdn4.matsmart.se/sites/se/files/styles/product_teaser_2x/public/products/renee_voltaire_chili_bovete_tortilla.jpg?itok=sxHkyyQP", "product_zoom": "https://cdn4.matsmart.se/sites/se/files/styles/product_zoom/public/products/renee_voltaire_chili_bovete_tortilla.jpg?itok=_si3VFiA"}}], "max_purchase": "", "prices": {"comparison_price": "214,28 kr/kg", "price": {"amount": "1500", "currency_code": "SEK", "data": {"components": []}}, "old_price": {"amount": "2900", "currency_code": "SEK", "data": {"components": []}}, "price_table": {"amount": "1250", "currency_code": "SEK", "min_qty": "2", "max_qty": "-1", "data": {"components": []}}}, "size": "70g", "status": "1", "stock": 0, "vat_rate": "se_intermediate", "volume": {"length": "22.00000", "width": "13.00000", "height": "7.00000", "unit": "cm"}, "weight": {"weight": "84.00000", "unit": "g"}, "product_category": null, "suppliers": [], "seasonal_themes": []}], "published": "0", "status": "0", "sticky": "0", "tags": ["679", "9398"]}, {"id": "56421", "label": "Eko Havregryn", "self": "https://api.matsmart.se/api/v1.0/product-displays/56421", "brand": "547", "brand_name": "Axa", "categories": [], "created": "1572870934", "exclude_from_list": true, "product_info": "Nyckelh\u00e5ls- samt KRAV-m\u00e4rkta ekologiska havregryn. 100 % fullkorn.", "market": "SE", "products": [{"id": "18326", "label": "UTG\u00c5ENDE Havregryn  Ekologiska", "self": "https://api.matsmart.se/api/v1.0/products/18326", "best_before": "1587506400", "product_contents": [{"id": "313301", "self": "https://cdn1.matsmart.se/sites/se/files/product_contents/axa_havregryn_innehall_ny.jpg", "filemime": "image/jpeg", "filesize": "343855", "width": "800", "height": "800", "styles": ""}], "sku": "7310130321245", "gtin": "7310130321245", "images": [{"id": "61816", "self": "https://cdn1.matsmart.se/sites/se/files/products/havre_gryn_axa_ekologisk.jpg", "filemime": "image/jpeg", "filesize": "497754", "width": "800", "height": "800", "styles": {"product_full": "https://cdn1.matsmart.se/sites/se/files/styles/product_full/public/products/havre_gryn_axa_ekologisk.jpg?itok=6qPHWTrN", "product_full_2x": "https://cdn1.matsmart.se/sites/se/files/styles/product_full_2x/public/products/havre_gryn_axa_ekologisk.jpg?itok=WJZaDzrC", "product_teaser": "https://cdn1.matsmart.se/sites/se/files/styles/product_teaser/public/products/havre_gryn_axa_ekologisk.jpg?itok=_03mChVO", "product_teaser_2x": "https://cdn1.matsmart.se/sites/se/files/styles/product_teaser_2x/public/products/havre_gryn_axa_ekologisk.jpg?itok=8bB63bGu", "product_zoom": "https://cdn1.matsmart.se/sites/se/files/styles/product_zoom/public/products/havre_gryn_axa_ekologisk.jpg?itok=HeTZzgl-"}}], "max_purchase": "", "prices": {"comparison_price": "20,00 kr/kg", "price": {"amount": "1500", "currency_code": "SEK", "data": {"components": []}}, "old_price": {"amount": "2200", "currency_code": "SEK", "data": {"components": []}}}, "size": "750g", "status": "1", "stock": 0, "vat_rate": "se_intermediate", "volume": {"length": "19.50000", "width": "12.00000", "height": "7.00000", "unit": "cm"}, "weight": {"weight": "755.00000", "unit": "g"}, "product_category": "20726", "suppliers": [], "seasonal_themes": []}], "published": "0", "status": "0", "sticky": "0", "tags": ["21721", "18556"]}, {"id": "56556", "label": "M\u00fcsli \"Sultana, Chia & Pumpkin Seeds\" 400g", "self": "https://api.matsmart.se/api/v1.0/product-displays/56556", "brand": "8250", "brand_name": "Kellogg's", "categories": [], "created": "1519289857", "exclude_from_list": null, "product_info": "Krispig m\u00fcsli med russin, chiafr\u00f6n och pumpafr\u00f6n. God till yoghurt eller mj\u00f6lk.\u00a0", "market": "SE", "products": [{"id": "18371", "label": "UTG\u00c5ENDE Urlegenden Crunchy Musli RU/CH/PU", "self": "https://api.matsmart.se/api/v1.0/products/18371", "best_before": "1511564400", "product_contents": [{"id": "96281", "self": "https://cdn2.matsmart.se/sites/se/files/product_contents/musli_crunchy_innehall_0.jpg", "filemime": "image/jpeg", "filesize": "540957", "width": "800", "height": "800", "styles": ""}], "sku": "5053827152549", "gtin": "5053827152549", "images": [{"id": "67251", "self": "https://cdn1.matsmart.se/sites/se/files/products/musli_22sultana_chia_pumpkin_seeds22_400g.jpg", "filemime": "image/jpeg", "filesize": "465629", "width": "800", "height": "800", "styles": {"product_full": "https://cdn1.matsmart.se/sites/se/files/styles/product_full/public/products/musli_22sultana_chia_pumpkin_seeds22_400g.jpg?itok=H97EnDJ5", "product_full_2x": "https://cdn1.matsmart.se/sites/se/files/styles/product_full_2x/public/products/musli_22sultana_chia_pumpkin_seeds22_400g.jpg?itok=Bq1YhSSy", "product_teaser": "https://cdn1.matsmart.se/sites/se/files/styles/product_teaser/public/products/musli_22sultana_chia_pumpkin_seeds22_400g.jpg?itok=8xb41RcT", "product_teaser_2x": "https://cdn1.matsmart.se/sites/se/files/styles/product_teaser_2x/public/products/musli_22sultana_chia_pumpkin_seeds22_400g.jpg?itok=OCZ0xuVn", "product_zoom": "https://cdn1.matsmart.se/sites/se/files/styles/product_zoom/public/products/musli_22sultana_chia_pumpkin_seeds22_400g.jpg?itok=cBsfU5iy"}}], "max_purchase": "", "prices": {"comparison_price": "50 kr/kg", "price": {"amount": "1500", "currency_code": "SEK", "data": {"components": []}}, "old_price": {"amount": "3490", "currency_code": "SEK", "data": {"components": []}}}, "size": "400g", "status": "1", "stock": 0, "vat_rate": "se_intermediate", "volume": {"length": "25.50000", "width": "19.00000", "height": "6.00000", "unit": "cm"}, "weight": {"weight": "417.00000", "unit": "g"}, "product_category": null, "suppliers": [], "seasonal_themes": []}], "published": "0", "status": "0", "sticky": "0", "tags": []}, {"id": "57036", "label": "N\u00f6tbar Tranb\u00e4r & Chia 35g", "self": "https://api.matsmart.se/api/v1.0/product-displays/57036", "brand": "125", "brand_name": "Friggs", "categories": [], "created": "1505739583", "exclude_from_list": null, "product_info": "God n\u00f6tbar med chiafr\u00f6n och tranb\u00e4r. Perfekt mellanm\u00e5l. Fri fr\u00e5n gluten!", "market": "SE", "products": [{"id": "18531", "label": "UTG\u00c5ENDE Superfr\u00f6 Bar Chia &amp; Tranb\u00e4r", "self": "https://api.matsmart.se/api/v1.0/products/18531", "best_before": "1517353200", "product_contents": [{"id": "62846", "self": "https://cdn1.matsmart.se/sites/se/files/product_contents/notbar_tranbar_chia_35g_innehall.png", "filemime": "image/png", "filesize": "48601", "width": "417", "height": "349", "styles": ""}], "sku": "7350028544776", "gtin": "7350028544776", "images": [{"id": "62851", "self": "https://cdn2.matsmart.se/sites/se/files/products/notbar_tranbar_chia_35g.jpg", "filemime": "image/jpeg", "filesize": "226146", "width": "800", "height": "800", "styles": {"product_full": "https://cdn2.matsmart.se/sites/se/files/styles/product_full/public/products/notbar_tranbar_chia_35g.jpg?itok=xsyJY8Ku", "product_full_2x": "https://cdn2.matsmart.se/sites/se/files/styles/product_full_2x/public/products/notbar_tranbar_chia_35g.jpg?itok=mIKKvIoF", "product_teaser": "https://cdn2.matsmart.se/sites/se/files/styles/product_teaser/public/products/notbar_tranbar_chia_35g.jpg?itok=zmdSNh2h", "product_teaser_2x": "https://cdn2.matsmart.se/sites/se/files/styles/product_teaser_2x/public/products/notbar_tranbar_chia_35g.jpg?itok=REWEdtY4", "product_zoom": "https://cdn2.matsmart.se/sites/se/files/styles/product_zoom/public/products/notbar_tranbar_chia_35g.jpg?itok=PZlBfSKI"}}], "max_purchase": "", "prices": {"comparison_price": "142,86 kr/kg", "price": {"amount": "500", "currency_code": "SEK", "data": {"components": []}}, "old_price": {"amount": "2395", "currency_code": "SEK", "data": {"components": []}}}, "size": "35g", "status": "1", "stock": 0, "vat_rate": "se_intermediate", "volume": {"length": "12.50000", "width": "3.50000", "height": "2.00000", "unit": "cm"}, "weight": {"weight": "39.00000", "unit": "g"}, "product_category": null, "suppliers": [], "seasonal_themes": []}], "published": "0", "status": "0", "sticky": "0", "tags": ["9398"]}, {"id": "57451", "label": "Boveteflingor Kokos & Hallon 375g", "self": "https://api.matsmart.se/api/v1.0/product-displays/57451", "brand": "998", "brand_name": "Naturens skafferi", "categories": [], "created": "1536233107", "exclude_from_list": null, "product_info": "Krispiga majs- och boveteflingor tillsammans med s\u00f6tsyrliga hallon och kokos bjuder p\u00e5 en god smakkombination. Nyckelh\u00e5lsm\u00e4rkt samt fritt fr\u00e5n gluten.", "market": "SE", "products": [{"id": "18646", "label": "UTG\u00c5ENDE Boveteflingor Kokos/Hallon", "self": "https://api.matsmart.se/api/v1.0/products/18646", "best_before": "1543446000", "product_contents": [{"id": "162426", "self": "https://cdn4.matsmart.se/sites/se/files/product_contents/bovete_innehall_ny.jpg", "filemime": "image/jpeg", "filesize": "495302", "width": "800", "height": "800", "styles": ""}], "sku": "7350020131745", "gtin": "7350020131745", "images": [{"id": "63871", "self": "https://cdn1.matsmart.se/sites/se/files/products/boevete_kokos_hallon.jpg", "filemime": "image/jpeg", "filesize": "397313", "width": "800", "height": "800", "styles": {"product_full": "https://cdn1.matsmart.se/sites/se/files/styles/product_full/public/products/boevete_kokos_hallon.jpg?itok=KG1mhLB_", "product_full_2x": "https://cdn1.matsmart.se/sites/se/files/styles/product_full_2x/public/products/boevete_kokos_hallon.jpg?itok=FrB6SpXD", "product_teaser": "https://cdn1.matsmart.se/sites/se/files/styles/product_teaser/public/products/boevete_kokos_hallon.jpg?itok=6xvRkQwC", "product_teaser_2x": "https://cdn1.matsmart.se/sites/se/files/styles/product_teaser_2x/public/products/boevete_kokos_hallon.jpg?itok=4L74Hzim", "product_zoom": "https://cdn1.matsmart.se/sites/se/files/styles/product_zoom/public/products/boevete_kokos_hallon.jpg?itok=tQFiSksS"}}], "max_purchase": "", "prices": {"comparison_price": "53,33 kr/kg", "price": {"amount": "2000", "currency_code": "SEK", "data": {"components": []}}, "old_price": {"amount": "4490", "currency_code": "SEK", "data": {"components": []}}}, "size": "375g", "status": "1", "stock": 0, "vat_rate": "se_intermediate", "volume": {"length": "28.00000", "width": "19.00000", "height": "6.00000", "unit": "cm"}, "weight": {"weight": "456.00000", "unit": "g"}, "product_category": null, "suppliers": [], "seasonal_themes": []}], "published": "0", "status": "0", "sticky": "0", "tags": ["9398"]}, {"id": "57511", "label": "Bakmix \"Bovetebr\u00f6d\" 300g", "self": "https://api.matsmart.se/api/v1.0/product-displays/57511", "brand": "2087", "brand_name": "Khoisan Tea", "categories": [], "created": "1529063235", "exclude_from_list": null, "product_info": "Ekologisk glutenfri bakmix f\u00f6r att enkelt baka bovetebr\u00f6d hemma. Kan \u00e4ven g\u00f6ras helt laktosfri.", "market": "SE", "products": [{"id": "18666", "label": "UTG\u00c5ENDE Bakmix Bovetebr\u00f6d EKO", "self": "https://api.matsmart.se/api/v1.0/products/18666", "best_before": "1553641200", "product_contents": [{"id": "72296", "self": "https://cdn1.matsmart.se/sites/se/files/product_contents/bakmix_22bovetebrod22_300g_innehall.jpg", "filemime": "image/jpeg", "filesize": "278937", "width": "800", "height": "800", "styles": ""}], "sku": "7340123700535", "gtin": "7340123700535", "images": [{"id": "63911", "self": "https://cdn1.matsmart.se/sites/se/files/products/bakmix_bovetebrod_300g_khosian_tea.jpg", "filemime": "image/jpeg", "filesize": "308668", "width": "800", "height": "800", "styles": {"product_full": "https://cdn1.matsmart.se/sites/se/files/styles/product_full/public/products/bakmix_bovetebrod_300g_khosian_tea.jpg?itok=qghio1hC", "product_full_2x": "https://cdn1.matsmart.se/sites/se/files/styles/product_full_2x/public/products/bakmix_bovetebrod_300g_khosian_tea.jpg?itok=Bfnw2PXw", "product_teaser": "https://cdn1.matsmart.se/sites/se/files/styles/product_teaser/public/products/bakmix_bovetebrod_300g_khosian_tea.jpg?itok=bP7q94fb", "product_teaser_2x": "https://cdn1.matsmart.se/sites/se/files/styles/product_teaser_2x/public/products/bakmix_bovetebrod_300g_khosian_tea.jpg?itok=w7tIdqWJ", "product_zoom": "https://cdn1.matsmart.se/sites/se/files/styles/product_zoom/public/products/bakmix_bovetebrod_300g_khosian_tea.jpg?itok=u3h9yOSY"}}], "max_purchase": "", "prices": {"comparison_price": "96,67 kr/kg", "price": {"amount": "2900", "currency_code": "SEK", "data": {"components": []}}, "old_price": {"amount": "4790", "currency_code": "SEK", "data": {"components": []}}}, "size": "300 g", "status": "1", "stock": 0, "vat_rate": "se_intermediate", "volume": {"length": "18.00000", "width": "11.50000", "height": "5.00000", "unit": "cm"}, "weight": {"weight": "324.00000", "unit": "g"}, "product_category": null, "suppliers": [], "seasonal_themes": []}], "published": "0", "status": "0", "sticky": "0", "tags": ["679", "9398"]}, {"id": "57526", "label": "Bakmix \"Chiabr\u00f6d\" 300g", "self": "https://api.matsmart.se/api/v1.0/product-displays/57526", "brand": "2087", "brand_name": "Khoisan Tea", "categories": ["14961"], "created": "1529063124", "exclude_from_list": null, "product_info": "Ekologisk glutenfri bakmix f\u00f6r att enkelt baka chiabr\u00f6d hemma. Kan \u00e4ven g\u00f6ras helt laktosfri.", "market": "SE", "products": [{"id": "18671", "label": "UTG\u00c5ENDE Bakmix Chiabr\u00f6d EKO", "self": "https://api.matsmart.se/api/v1.0/products/18671", "best_before": "1553641200", "product_contents": [{"id": "72286", "self": "https://cdn3.matsmart.se/sites/se/files/product_contents/bakmix_22chiabrod22_300g_innehall.jpg", "filemime": "image/jpeg", "filesize": "217890", "width": "800", "height": "800", "styles": ""}], "sku": "7340123700528", "gtin": "7340123700528", "images": [{"id": "63931", "self": "https://cdn1.matsmart.se/sites/se/files/products/chia_brod_khosian_tea_bakmix.jpg", "filemime": "image/jpeg", "filesize": "287293", "width": "800", "height": "800", "styles": {"product_full": "https://cdn1.matsmart.se/sites/se/files/styles/product_full/public/products/chia_brod_khosian_tea_bakmix.jpg?itok=3VHW9APf", "product_full_2x": "https://cdn1.matsmart.se/sites/se/files/styles/product_full_2x/public/products/chia_brod_khosian_tea_bakmix.jpg?itok=yqdYdu-e", "product_teaser": "https://cdn1.matsmart.se/sites/se/files/styles/product_teaser/public/products/chia_brod_khosian_tea_bakmix.jpg?itok=X-PZ9XBb", "product_teaser_2x": "https://cdn1.matsmart.se/sites/se/files/styles/product_teaser_2x/public/products/chia_brod_khosian_tea_bakmix.jpg?itok=Zm7Kupiz", "product_zoom": "https://cdn1.matsmart.se/sites/se/files/styles/product_zoom/public/products/chia_brod_khosian_tea_bakmix.jpg?itok=y8VERpvT"}}], "max_purchase": "", "prices": {"comparison_price": "96,67 kr/kg", "price": {"amount": "2900", "currency_code": "SEK", "data": {"components": []}}, "old_price": {"amount": "4790", "currency_code": "SEK", "data": {"components": []}}}, "size": "300 g", "status": "1", "stock": 0, "vat_rate": "se_intermediate", "volume": {"length": "18.00000", "width": "11.50000", "height": "5.00000", "unit": "cm"}, "weight": {"weight": "323.00000", "unit": "g"}, "product_category": null, "suppliers": [], "seasonal_themes": []}], "published": "0", "status": "0", "sticky": "0", "tags": ["679", "9398"]}, {"id": "57601", "label": "Pasta Spaghetti \"Quinoa Curry\" 500g", "self": "https://api.matsmart.se/api/v1.0/product-displays/57601", "brand": "8911", "brand_name": "Jardin Bio", "categories": [], "created": "1506341990", "exclude_from_list": null, "product_info": "Pasta spaghetti bakat av durumvete med quinoa fr\u00f6n, h\u00e4r med smak av curry. Ekologisk!", "market": "SE", "products": [{"id": "18696", "label": "UTG\u00c5ENDE Spaghetti Quinoa Curry (Jardin Bio)", "self": "https://api.matsmart.se/api/v1.0/products/18696", "best_before": "1559167200", "product_contents": [{"id": "64816", "self": "https://cdn3.matsmart.se/sites/se/files/product_contents/jardin_bio_quinoa_curry_pasta_spaghetti_innehall.png", "filemime": "image/png", "filesize": "246748", "width": "507", "height": "387", "styles": ""}], "sku": "3478820003643", "gtin": "3478820003643", "images": [{"id": "64811", "self": "https://cdn3.matsmart.se/sites/se/files/products/jardin_bio_quinoa_curry_pasta_spaghetti.jpg", "filemime": "image/jpeg", "filesize": "176645", "width": "800", "height": "800", "styles": {"product_full": "https://cdn3.matsmart.se/sites/se/files/styles/product_full/public/products/jardin_bio_quinoa_curry_pasta_spaghetti.jpg?itok=KmNmzJL3", "product_full_2x": "https://cdn3.matsmart.se/sites/se/files/styles/product_full_2x/public/products/jardin_bio_quinoa_curry_pasta_spaghetti.jpg?itok=GCembEOa", "product_teaser": "https://cdn3.matsmart.se/sites/se/files/styles/product_teaser/public/products/jardin_bio_quinoa_curry_pasta_spaghetti.jpg?itok=Fm0HLyEO", "product_teaser_2x": "https://cdn3.matsmart.se/sites/se/files/styles/product_teaser_2x/public/products/jardin_bio_quinoa_curry_pasta_spaghetti.jpg?itok=sCdx2cZc", "product_zoom": "https://cdn3.matsmart.se/sites/se/files/styles/product_zoom/public/products/jardin_bio_quinoa_curry_pasta_spaghetti.jpg?itok=B212tiow"}}], "max_purchase": "", "prices": {"comparison_price": "20,00 kr/kg", "price": {"amount": "1000", "currency_code": "SEK", "data": {"components": []}}, "old_price": {"amount": "2500", "currency_code": "SEK", "data": {"components": []}}}, "size": "500g", "status": "1", "stock": 0, "vat_rate": "se_intermediate", "volume": {"length": "26.00000", "width": "8.50000", "height": "1.50000", "unit": "cm"}, "weight": {"weight": "500.00000", "unit": "g"}, "product_category": null, "suppliers": [], "seasonal_themes": []}], "published": "0", "status": "0", "sticky": "0", "tags": ["679"]}, {"id": "58511", "label": "Rawkex Chia 90g", "self": "https://api.matsmart.se/api/v1.0/product-displays/58511", "brand": "9012", "brand_name": "da Carla", "categories": [], "created": "1507795113", "exclude_from_list": null, "product_info": "Ekologiska samt glutenfria rawkex som bakats med chiafr\u00f6n. Rikt protein och fiber.", "market": "SE", "products": [{"id": "18966", "label": "UTG\u00c5ENDE Ekologisk Rawkex Chia", "self": "https://api.matsmart.se/api/v1.0/products/18966", "best_before": "1508191200", "product_contents": [{"id": "68966", "self": "https://cdn1.matsmart.se/sites/se/files/product_contents/chia_rawkex_innehall.png", "filemime": "image/png", "filesize": "229452", "width": "513", "height": "279", "styles": ""}], "sku": "3809985689869", "gtin": "3809985689869", "images": [{"id": "68961", "self": "https://cdn4.matsmart.se/sites/se/files/products/handmade_crackers_chia.jpg", "filemime": "image/jpeg", "filesize": "268145", "width": "800", "height": "800", "styles": {"product_full": "https://cdn4.matsmart.se/sites/se/files/styles/product_full/public/products/handmade_crackers_chia.jpg?itok=c_Pkjb7f", "product_full_2x": "https://cdn4.matsmart.se/sites/se/files/styles/product_full_2x/public/products/handmade_crackers_chia.jpg?itok=h_PnFl66", "product_teaser": "https://cdn4.matsmart.se/sites/se/files/styles/product_teaser/public/products/handmade_crackers_chia.jpg?itok=UW2gwud7", "product_teaser_2x": "https://cdn4.matsmart.se/sites/se/files/styles/product_teaser_2x/public/products/handmade_crackers_chia.jpg?itok=qdMw8ld8", "product_zoom": "https://cdn4.matsmart.se/sites/se/files/styles/product_zoom/public/products/handmade_crackers_chia.jpg?itok=j_AWcIkn"}}], "max_purchase": "", "prices": {"comparison_price": "166,67 kr/kg", "price": {"amount": "1500", "currency_code": "SEK", "data": {"components": []}}, "old_price": {"amount": "4350", "currency_code": "SEK", "data": {"components": []}}}, "size": "90g", "status": "1", "stock": 0, "vat_rate": "se_intermediate", "volume": {"length": "17.50000", "width": "8.00000", "height": "4.00000", "unit": "cm"}, "weight": {"weight": "108.00000", "unit": "g"}, "product_category": null, "suppliers": [], "seasonal_themes": []}], "published": "0", "status": "0", "sticky": "0", "tags": ["679", "9398"]}, {"id": "58831", "label": "Pasta Spaghetti \"Quinoa, Persilja & Vitl\u00f6k\" 500g", "self": "https://api.matsmart.se/api/v1.0/product-displays/58831", "brand": "8911", "brand_name": "Jardin Bio", "categories": [], "created": "1506341832", "exclude_from_list": null, "product_info": "Pasta spaghetti av durumvete och quinoa fr\u00f6n, h\u00e4r med god smak av persilja och vitl\u00f6k. Ekologisk!", "market": "SE", "products": [{"id": "19071", "label": "UTG\u00c5ENDE Spaghetti Quinoa Persil Ail", "self": "https://api.matsmart.se/api/v1.0/products/19071", "best_before": "1559772000", "product_contents": [{"id": "64806", "self": "https://cdn1.matsmart.se/sites/se/files/product_contents/jardin_bio_spaghetti_quinoa_persil_ail_innehall.png", "filemime": "image/png", "filesize": "212816", "width": "518", "height": "378", "styles": ""}], "sku": "3478820600651", "gtin": "3478820600651", "images": [{"id": "64796", "self": "https://cdn3.matsmart.se/sites/se/files/products/jardin_bio_spaghetti_quinoa_persil_ail.jpg", "filemime": "image/jpeg", "filesize": "167970", "width": "800", "height": "800", "styles": {"product_full": "https://cdn3.matsmart.se/sites/se/files/styles/product_full/public/products/jardin_bio_spaghetti_quinoa_persil_ail.jpg?itok=NkxdsOkO", "product_full_2x": "https://cdn3.matsmart.se/sites/se/files/styles/product_full_2x/public/products/jardin_bio_spaghetti_quinoa_persil_ail.jpg?itok=volwZm1D", "product_teaser": "https://cdn3.matsmart.se/sites/se/files/styles/product_teaser/public/products/jardin_bio_spaghetti_quinoa_persil_ail.jpg?itok=L7X4tPmo", "product_teaser_2x": "https://cdn3.matsmart.se/sites/se/files/styles/product_teaser_2x/public/products/jardin_bio_spaghetti_quinoa_persil_ail.jpg?itok=n352sGEF", "product_zoom": "https://cdn3.matsmart.se/sites/se/files/styles/product_zoom/public/products/jardin_bio_spaghetti_quinoa_persil_ail.jpg?itok=ya0LRYKr"}}], "max_purchase": "", "prices": {"comparison_price": "20,00 kr/kg", "price": {"amount": "1000", "currency_code": "SEK", "data": {"components": []}}, "old_price": {"amount": "2500", "currency_code": "SEK", "data": {"components": []}}}, "size": "500g", "status": "1", "stock": 0, "vat_rate": "se_intermediate", "volume": {"length": "26.00000", "width": "8.50000", "height": "2.50000", "unit": "cm"}, "weight": {"weight": "511.00000", "unit": "g"}, "product_category": null, "suppliers": [], "seasonal_themes": []}], "published": "0", "status": "0", "sticky": "0", "tags": []}, {"id": "59371", "label": "Chiafr\u00f6n 500g", "self": "https://api.matsmart.se/api/v1.0/product-displays/59371", "brand": "11741", "brand_name": "B\u00e4ttre H\u00e4lsa", "categories": [], "created": "1506680414", "exclude_from_list": null, "product_info": "Ekologiska, n\u00e4ringsrika chiafr\u00f6n som har ett h\u00f6gt v\u00e4rde protein och fiber. Str\u00f6 \u00f6ver filen eller yoghurten eller ha i br\u00f6dbaket!", "market": "SE", "products": [{"id": "19251", "label": "UTG\u00c5ENDE Chiafr\u00f6n", "self": "https://api.matsmart.se/api/v1.0/products/19251", "best_before": "1504130400", "product_contents": [{"id": "66166", "self": "https://cdn2.matsmart.se/sites/se/files/product_contents/chia_fron_battre_halsa_innehall.png", "filemime": "image/png", "filesize": "106656", "width": "327", "height": "248", "styles": ""}], "sku": "7350053310582", "gtin": "7350053310582", "images": [{"id": "66626", "self": "https://cdn1.matsmart.se/sites/se/files/products/chia_fron_battre_halsa_0.jpg", "filemime": "image/jpeg", "filesize": "86036", "width": "751", "height": "751", "styles": {"product_full": "https://cdn1.matsmart.se/sites/se/files/styles/product_full/public/products/chia_fron_battre_halsa_0.jpg?itok=eUMfkC8W", "product_full_2x": "https://cdn1.matsmart.se/sites/se/files/styles/product_full_2x/public/products/chia_fron_battre_halsa_0.jpg?itok=BRVmcj80", "product_teaser": "https://cdn1.matsmart.se/sites/se/files/styles/product_teaser/public/products/chia_fron_battre_halsa_0.jpg?itok=SnmUsXrl", "product_teaser_2x": "https://cdn1.matsmart.se/sites/se/files/styles/product_teaser_2x/public/products/chia_fron_battre_halsa_0.jpg?itok=xumSmsEj", "product_zoom": "https://cdn1.matsmart.se/sites/se/files/styles/product_zoom/public/products/chia_fron_battre_halsa_0.jpg?itok=ECPb8QMo"}}], "max_purchase": "", "prices": {"comparison_price": "78,00 kr/kg", "price": {"amount": "3900", "currency_code": "SEK", "data": {"components": []}}, "old_price": {"amount": "14900", "currency_code": "SEK", "data": {"components": []}}}, "size": "500g", "status": "1", "stock": 0, "vat_rate": "se_intermediate", "volume": {"length": "15.00000", "width": "4.50000", "height": "21.00000", "unit": "cm"}, "weight": {"weight": "533.00000", "unit": "g"}, "product_category": null, "suppliers": [], "seasonal_themes": []}], "published": "0", "status": "0", "sticky": "0", "tags": ["679"]}, {"id": "5963", "label": "Boveteflingor \u00c4pple & Kokos 375g", "self": "https://api.matsmart.se/api/v1.0/product-displays/5963", "brand": "998", "brand_name": "Naturens skafferi", "categories": [], "created": "1495457000", "exclude_from_list": null, "product_info": "Krispiga majs- och boveteflingor som ger en god start p\u00e5 dagen. Flingornas tydliga bovetesmak tillsammans med s\u00f6tsyrliga \u00e4pplen och exotisk kokos bjuder p\u00e5 en god smakkombination. Extra gott tillsammans med yoghurt, kvarg eller fil. Fria fr\u00e5n gluten!", "market": "SE", "products": [{"id": "5596", "label": "UTG\u00c5ENDE Glutenfria boveteflingor \u00e4pple/kokos", "self": "https://api.matsmart.se/api/v1.0/products/5596", "best_before": "1504908000", "product_contents": [{"id": "32001", "self": "https://cdn3.matsmart.se/sites/se/files/product_contents/boveteflingor_apple_kokos_375g_naturens_skafferi_innehall.png", "filemime": "image/png", "filesize": "36354", "width": "438", "height": "297", "styles": ""}], "sku": "7350020131516", "gtin": "", "images": [{"id": "10840", "self": "https://cdn4.matsmart.se/sites/se/files/products/bovete_apple_kokos.jpg", "filemime": "image/jpeg", "filesize": "302039", "width": "800", "height": "800", "styles": {"product_full": "https://cdn4.matsmart.se/sites/se/files/styles/product_full/public/products/bovete_apple_kokos.jpg?itok=O41LFwTe", "product_full_2x": "https://cdn4.matsmart.se/sites/se/files/styles/product_full_2x/public/products/bovete_apple_kokos.jpg?itok=ptZ_dkQc", "product_teaser": "https://cdn4.matsmart.se/sites/se/files/styles/product_teaser/public/products/bovete_apple_kokos.jpg?itok=Xp0CymYA", "product_teaser_2x": "https://cdn4.matsmart.se/sites/se/files/styles/product_teaser_2x/public/products/bovete_apple_kokos.jpg?itok=j_DpVOBQ", "product_zoom": "https://cdn4.matsmart.se/sites/se/files/styles/product_zoom/public/products/bovete_apple_kokos.jpg?itok=qiX3aptQ"}}], "max_purchase": "", "prices": {"comparison_price": "53,33 kr/kg", "price": {"amount": "2000", "currency_code": "SEK", "data": {"components": []}}, "old_price": {"amount": "3990", "currency_code": "SEK", "data": {"components": []}}, "price_table": {"amount": "1750", "currency_code": "SEK", "min_qty": "2", "max_qty": "-1", "data": {"components": []}}}, "size": "375g", "status": "1", "stock": 0, "vat_rate": "se_intermediate", "volume": {"length": "28.00000", "width": "19.00000", "height": "6.00000", "unit": "cm"}, "weight": {"weight": "455.00000", "unit": "g"}, "product_category": null, "suppliers": [], "seasonal_themes": []}], "published": "0", "status": "0", "sticky": "0", "tags": ["9398"]}, {"id": "6096", "label": "Sm\u00e5br\u00f6d Havre & Bovete", "self": "https://api.matsmart.se/api/v1.0/product-displays/6096", "brand": null, "brand_name": "", "categories": [], "created": "1460983939", "exclude_from_list": null, "product_info": null, "market": "SE", "products": [{"id": "5723", "label": "UTG\u00c5ENDE Sm\u00e5br\u00f6d Havre &amp; Bovete", "self": "https://api.matsmart.se/api/v1.0/products/5723", "best_before": null, "product_contents": [], "sku": "6411200107453", "gtin": null, "images": [], "max_purchase": "", "prices": {"price": {"amount": "1500", "currency_code": "SEK", "data": {"components": []}}, "old_price": {"amount": "2490", "currency_code": "SEK", "data": {"components": []}}, "price_table": {"amount": "1250", "currency_code": "SEK", "min_qty": "2", "max_qty": "-1", "data": {"components": []}}}, "size": null, "status": "1", "stock": 0, "vat_rate": "se_intermediate", "volume": {"length": "0.00000", "width": "0.00000", "height": "0.00000", "unit": "cm"}, "weight": {"weight": "0.00000", "unit": "g"}, "product_category": null, "suppliers": [], "seasonal_themes": []}], "published": "0", "status": "0", "sticky": "0", "tags": []}, {"id": "61176", "label": "BFree Wraps Flerkorn m/Chia", "self": "https://api.matsmart.se/api/v1.0/product-displays/61176", "brand": null, "brand_name": "", "categories": [], "created": "1507032001", "exclude_from_list": null, "product_info": null, "market": "SE", "products": [{"id": "19811", "label": "UTG\u00c5ENDE BFree Wraps Flerkorn m/Chia", "self": "https://api.matsmart.se/api/v1.0/products/19811", "best_before": null, "product_contents": [], "sku": "5391521690302", "gtin": "5391521690302", "images": [], "max_purchase": "", "prices": {"price": {"amount": "0", "currency_code": "SEK", "data": {"components": []}}}, "size": null, "status": "1", "stock": 0, "vat_rate": "se_intermediate", "volume": {"length": "0.00000", "width": "0.00000", "height": "0.00000", "unit": "cm"}, "weight": {"weight": "0.00000", "unit": "g"}, "product_category": null, "suppliers": [], "seasonal_themes": []}], "published": "0", "status": "0", "sticky": "0", "tags": []}, {"id": "61461", "label": "Kn\u00e4ckebr\u00f6d Havre & Chiafr\u00f6n 200g", "self": "https://api.matsmart.se/api/v1.0/product-displays/61461", "brand": "12326", "brand_name": "Helios", "categories": [], "created": "1513324728", "exclude_from_list": null, "product_info": "Ekologisk och gott kn\u00e4ckebr\u00f6d, h\u00e4r med havre och chiafr\u00f6n. Gott att \u00e4tas med ett smarrigt p\u00e5l\u00e4gg!\u00a0", "market": "SE", "products": [{"id": "19906", "label": "UTG\u00c5ENDE Helios Knekkebr\u00f8d Havre Chia", "self": "https://api.matsmart.se/api/v1.0/products/19906", "best_before": "1512860400", "product_contents": [{"id": "86911", "self": "https://cdn1.matsmart.se/sites/se/files/product_contents/helios_knackebrod_innehall.jpg", "filemime": "image/jpeg", "filesize": "297270", "width": "800", "height": "800", "styles": ""}], "sku": "7070622011862", "gtin": "7070622011862", "images": [{"id": "86906", "self": "https://cdn4.matsmart.se/sites/se/files/products/helios_knackebrod.jpg", "filemime": "image/jpeg", "filesize": "372794", "width": "800", "height": "800", "styles": {"product_full": "https://cdn4.matsmart.se/sites/se/files/styles/product_full/public/products/helios_knackebrod.jpg?itok=yMmKCDZf", "product_full_2x": "https://cdn4.matsmart.se/sites/se/files/styles/product_full_2x/public/products/helios_knackebrod.jpg?itok=FGfkTO9N", "product_teaser": "https://cdn4.matsmart.se/sites/se/files/styles/product_teaser/public/products/helios_knackebrod.jpg?itok=bwp9Mwz1", "product_teaser_2x": "https://cdn4.matsmart.se/sites/se/files/styles/product_teaser_2x/public/products/helios_knackebrod.jpg?itok=RO80jNFb", "product_zoom": "https://cdn4.matsmart.se/sites/se/files/styles/product_zoom/public/products/helios_knackebrod.jpg?itok=5Jz0h_pr"}}], "max_purchase": "", "prices": {"comparison_price": "25,00 kr/kg", "price": {"amount": "500", "currency_code": "SEK", "data": {"components": []}}, "old_price": {"amount": "2190", "currency_code": "SEK", "data": {"components": []}}}, "size": "200g", "status": "1", "stock": 0, "vat_rate": "se_intermediate", "volume": {"length": "9.50000", "width": "7.50000", "height": "16.00000", "unit": "cm"}, "weight": {"weight": "256.00000", "unit": "g"}, "product_category": null, "suppliers": [], "seasonal_themes": []}], "published": "0", "status": "0", "sticky": "0", "tags": ["679"]}, {"id": "61506", "label": "Kn\u00e4ckebr\u00f6d \"Quinoa\" 125g", "self": "https://api.matsmart.se/api/v1.0/product-displays/61506", "brand": "12356", "brand_name": "Orgran", "categories": [], "created": "1513349589", "exclude_from_list": null, "product_info": "Glutenfritt fullkornskn\u00e4ckebr\u00f6d baserat p\u00e5 quinoa. Supergott med ett h\u00e4rligt p\u00e5l\u00e4gg!\u00a0", "market": "SE", "products": [{"id": "19921", "label": "UTG\u00c5ENDE Orgran quinoa knekkebr\u00f8d", "self": "https://api.matsmart.se/api/v1.0/products/19921", "best_before": "1512774000", "product_contents": [{"id": "87251", "self": "https://cdn2.matsmart.se/sites/se/files/product_contents/knackebrod_quinoa_innehall.jpg", "filemime": "image/jpeg", "filesize": "422939", "width": "800", "height": "800", "styles": ""}], "sku": "720516022234", "gtin": "720516022234", "images": [{"id": "87246", "self": "https://cdn3.matsmart.se/sites/se/files/products/knackebrod_quinoa_.jpg", "filemime": "image/jpeg", "filesize": "456107", "width": "800", "height": "800", "styles": {"product_full": "https://cdn3.matsmart.se/sites/se/files/styles/product_full/public/products/knackebrod_quinoa_.jpg?itok=9uCxndAP", "product_full_2x": "https://cdn3.matsmart.se/sites/se/files/styles/product_full_2x/public/products/knackebrod_quinoa_.jpg?itok=av7rhpw-", "product_teaser": "https://cdn3.matsmart.se/sites/se/files/styles/product_teaser/public/products/knackebrod_quinoa_.jpg?itok=E25d6BPi", "product_teaser_2x": "https://cdn3.matsmart.se/sites/se/files/styles/product_teaser_2x/public/products/knackebrod_quinoa_.jpg?itok=XnE1B-iT", "product_zoom": "https://cdn3.matsmart.se/sites/se/files/styles/product_zoom/public/products/knackebrod_quinoa_.jpg?itok=gwdMbK94"}}], "max_purchase": "", "prices": {"comparison_price": "120,00 kr/kg", "price": {"amount": "1500", "currency_code": "SEK", "data": {"components": []}}, "old_price": {"amount": "3900", "currency_code": "SEK", "data": {"components": []}}}, "size": "125g", "status": "1", "stock": 0, "vat_rate": "se_intermediate", "volume": {"length": "14.50000", "width": "6.50000", "height": "14.00000", "unit": "cm"}, "weight": {"weight": "186.00000", "unit": "g"}, "product_category": null, "suppliers": [], "seasonal_themes": []}], "published": "0", "status": "0", "sticky": "0", "tags": []}, {"id": "61851", "label": "Sch\u00e4r Sandwich Fr\u00f6mix Chia 400g", "self": "https://api.matsmart.se/api/v1.0/product-displays/61851", "brand": null, "brand_name": "", "categories": [], "created": "1507046401", "exclude_from_list": null, "product_info": null, "market": "SE", "products": [{"id": "20036", "label": "UTG\u00c5ENDE Sch\u00e4r Sandwich Fr\u00f6mix Chia 400g", "self": "https://api.matsmart.se/api/v1.0/products/20036", "best_before": null, "product_contents": [], "sku": "8008698021088", "gtin": "", "images": [], "max_purchase": "", "prices": {"price": {"amount": "500", "currency_code": "SEK", "data": {"components": []}}, "old_price": {"amount": "3490", "currency_code": "SEK", "data": {"components": []}}}, "size": null, "status": "1", "stock": 0, "vat_rate": "se_intermediate", "volume": {"length": "0.00000", "width": "0.00000", "height": "0.00000", "unit": "cm"}, "weight": {"weight": "0.00000", "unit": "g"}, "product_category": null, "suppliers": [], "seasonal_themes": []}], "published": "0", "status": "0", "sticky": "0", "tags": []}, {"id": "6505", "label": "Chiafr\u00f6n", "self": "https://api.matsmart.se/api/v1.0/product-displays/6505", "brand": "2019", "brand_name": "Naken", "categories": [], "created": "1465803779", "exclude_from_list": null, "product_info": "Chiafr\u00f6n fr\u00e5n Naken som \u00e4r mycket rika p\u00e5 antioxidanter, protein och fibrer. Str\u00f6 \u00f6ver maten eller l\u00e4gg i bl\u00f6t f\u00f6r en god, l\u00e4ttsm\u00e4lt och m\u00e4ttande gr\u00f6t som ger l\u00e5ngvarig energi.", "market": "SE", "products": [{"id": "6086", "label": "UTG\u00c5ENDE Chiafr\u00f6n RAW", "self": "https://api.matsmart.se/api/v1.0/products/6086", "best_before": "1498773600", "product_contents": [{"id": "11855", "self": "https://cdn4.matsmart.se/sites/se/files/product_contents/chiafron_raw_innehall.jpg", "filemime": "image/jpeg", "filesize": "92476", "width": "800", "height": "800", "styles": ""}], "sku": "7350044606175", "gtin": null, "images": [{"id": "11854", "self": "https://cdn3.matsmart.se/sites/se/files/products/chiafron_raw.jpg", "filemime": "image/jpeg", "filesize": "313270", "width": "800", "height": "800", "styles": {"product_full": "https://cdn3.matsmart.se/sites/se/files/styles/product_full/public/products/chiafron_raw.jpg?itok=YjnMVJzC", "product_full_2x": "https://cdn3.matsmart.se/sites/se/files/styles/product_full_2x/public/products/chiafron_raw.jpg?itok=NvLqXHaR", "product_teaser": "https://cdn3.matsmart.se/sites/se/files/styles/product_teaser/public/products/chiafron_raw.jpg?itok=fi2bD2li", "product_teaser_2x": "https://cdn3.matsmart.se/sites/se/files/styles/product_teaser_2x/public/products/chiafron_raw.jpg?itok=PkAMljpB", "product_zoom": "https://cdn3.matsmart.se/sites/se/files/styles/product_zoom/public/products/chiafron_raw.jpg?itok=K5ByYhlP"}}], "max_purchase": "", "prices": {"comparison_price": "100 kr/kg", "price": {"amount": "2500", "currency_code": "SEK", "data": {"components": []}}, "old_price": {"amount": "7000", "currency_code": "SEK", "data": {"components": []}}, "price_table": {"amount": "2000", "currency_code": "SEK", "min_qty": "3", "max_qty": "-1", "data": {"components": []}}}, "size": "250g", "status": "1", "stock": 0, "vat_rate": "se_intermediate", "volume": {"length": "17.50000", "width": "15.00000", "height": "3.00000", "unit": "cm"}, "weight": {"weight": "264.00000", "unit": "g"}, "product_category": null, "suppliers": [], "seasonal_themes": []}], "published": "0", "status": "0", "sticky": "0", "tags": []}, {"id": "65556", "label": "Havregryn 750g", "self": "https://api.matsmart.se/api/v1.0/product-displays/65556", "brand": "547", "brand_name": "Axa", "categories": [], "created": "1536837443", "exclude_from_list": null, "product_info": "Nyckelh\u00e5lsm\u00e4rkta havregryn. Rika p\u00e5 fibrer, vitaminer och mineraler. Perfekta till bakningen eller gr\u00f6ten.", "market": "SE", "products": [{"id": "21216", "label": "UTG\u00c5ENDE Axa Havregryn 750g", "self": "https://api.matsmart.se/api/v1.0/products/21216", "best_before": "1556056800", "product_contents": [{"id": "164796", "self": "https://cdn3.matsmart.se/sites/se/files/product_contents/axa_havregry_750g_innehall_ny.jpg", "filemime": "image/jpeg", "filesize": "210931", "width": "800", "height": "800", "styles": ""}], "sku": "7310130321122", "gtin": "7310130321122", "images": [{"id": "164791", "self": "https://cdn4.matsmart.se/sites/se/files/products/axa_havregryn_750g_ny.jpg", "filemime": "image/jpeg", "filesize": "410067", "width": "800", "height": "800", "styles": {"product_full": "https://cdn4.matsmart.se/sites/se/files/styles/product_full/public/products/axa_havregryn_750g_ny.jpg?itok=Ki2cgQA2", "product_full_2x": "https://cdn4.matsmart.se/sites/se/files/styles/product_full_2x/public/products/axa_havregryn_750g_ny.jpg?itok=40AFp5xL", "product_teaser": "https://cdn4.matsmart.se/sites/se/files/styles/product_teaser/public/products/axa_havregryn_750g_ny.jpg?itok=tqU_XqKi", "product_teaser_2x": "https://cdn4.matsmart.se/sites/se/files/styles/product_teaser_2x/public/products/axa_havregryn_750g_ny.jpg?itok=4BSQDZWx", "product_zoom": "https://cdn4.matsmart.se/sites/se/files/styles/product_zoom/public/products/axa_havregryn_750g_ny.jpg?itok=pOCVoEG4"}}], "max_purchase": "", "prices": {"comparison_price": "12,00 kr/kg", "price": {"amount": "900", "currency_code": "SEK", "data": {"components": []}}, "old_price": {"amount": "1350", "currency_code": "SEK", "data": {"components": []}}}, "size": "750g", "status": "1", "stock": 0, "vat_rate": "se_intermediate", "volume": {"length": "19.00000", "width": "13.00000", "height": "7.50000", "unit": "cm"}, "weight": {"weight": "760.00000", "unit": "g"}, "product_category": null, "suppliers": [], "seasonal_themes": []}], "published": "0", "status": "0", "sticky": "0", "tags": []}, {"id": "6648", "label": "Boveteflingor Med Jordgubbar", "self": "https://api.matsmart.se/api/v1.0/product-displays/6648", "brand": null, "brand_name": "", "categories": [], "created": "1466074801", "exclude_from_list": null, "product_info": null, "market": "SE", "products": [{"id": "6218", "label": "UTG\u00c5ENDE Boveteflingor Med Jordgubbar", "self": "https://api.matsmart.se/api/v1.0/products/6218", "best_before": null, "product_contents": [], "sku": "7350020131593", "gtin": null, "images": [], "max_purchase": "", "prices": {"price": {"amount": "2500", "currency_code": "SEK", "data": {"components": []}}, "old_price": {"amount": "4290", "currency_code": "SEK", "data": {"components": []}}, "price_table": {"amount": "2000", "currency_code": "SEK", "min_qty": "3", "max_qty": "-1", "data": {"components": []}}}, "size": null, "status": "1", "stock": 0, "vat_rate": "se_intermediate", "volume": {"length": "0.00000", "width": "0.00000", "height": "0.00000", "unit": "cm"}, "weight": {"weight": "0.00000", "unit": "g"}, "product_category": null, "suppliers": [], "seasonal_themes": []}], "published": "0", "status": "0", "sticky": "0", "tags": []}, {"id": "6681", "label": "Boveteflingor Jordgubbar", "self": "https://api.matsmart.se/api/v1.0/product-displays/6681", "brand": "998", "brand_name": "Naturens skafferi", "categories": [], "created": "1587469307", "exclude_from_list": true, "product_info": "Glutenfria flingor av majs och bovete med jordgubbar fr\u00e5n Naturens Skafferi. Smarriga och nyttiga!", "market": "SE", "products": [{"id": "6247", "label": "UTG\u00c5ENDE Boveteflingor Med Jordgubbar", "self": "https://api.matsmart.se/api/v1.0/products/6247", "best_before": "1588370400", "product_contents": [{"id": "126596", "self": "https://cdn4.matsmart.se/sites/se/files/product_contents/boveteflingor_miniflingor_jordgubb_naturens_skafferi_innehall.png", "filemime": "image/png", "filesize": "335153", "width": "344", "height": "531", "styles": ""}], "sku": "7350020131592", "gtin": "7350020131592", "images": [{"id": "126586", "self": "https://cdn1.matsmart.se/sites/se/files/products/boveteflingor_miniflingor_jordgubb_naturens_skafferi.jpg", "filemime": "image/jpeg", "filesize": "357869", "width": "800", "height": "800", "styles": {"product_full": "https://cdn1.matsmart.se/sites/se/files/styles/product_full/public/products/boveteflingor_miniflingor_jordgubb_naturens_skafferi.jpg?itok=zIG53bnQ", "product_full_2x": "https://cdn1.matsmart.se/sites/se/files/styles/product_full_2x/public/products/boveteflingor_miniflingor_jordgubb_naturens_skafferi.jpg?itok=ftoGvlu4", "product_teaser": "https://cdn1.matsmart.se/sites/se/files/styles/product_teaser/public/products/boveteflingor_miniflingor_jordgubb_naturens_skafferi.jpg?itok=SW3PfX8Y", "product_teaser_2x": "https://cdn1.matsmart.se/sites/se/files/styles/product_teaser_2x/public/products/boveteflingor_miniflingor_jordgubb_naturens_skafferi.jpg?itok=ZmWJrH3j", "product_zoom": "https://cdn1.matsmart.se/sites/se/files/styles/product_zoom/public/products/boveteflingor_miniflingor_jordgubb_naturens_skafferi.jpg?itok=buD4rR-1"}}], "max_purchase": "", "prices": {"comparison_price": "66,66 kr/kg", "price": {"amount": "2900", "currency_code": "SEK", "data": {"components": []}}, "old_price": {"amount": "4290", "currency_code": "SEK", "data": {"components": []}}}, "size": "375g", "status": "1", "stock": 101, "vat_rate": "se_intermediate", "volume": {"length": "28.00000", "width": "19.00000", "height": "6.00000", "unit": "cm"}, "weight": {"weight": "471.00000", "unit": "g"}, "product_category": "20711", "suppliers": [], "seasonal_themes": []}], "published": "1587469307", "status": "1", "sticky": "0", "tags": []}, {"id": "67911", "label": "M\u00e5ltidsers\u00e4ttningsbars Quinoa Nut Crunch 15-pack", "self": "https://api.matsmart.se/api/v1.0/product-displays/67911", "brand": "223", "brand_name": "Nutrilett", "categories": ["14986", "566"], "created": "1581603780", "exclude_from_list": true, "product_info": "15 stycken m\u00e5ltidsers\u00e4ttningsbars med quinoa, choklad och hallon. Inneh\u00e5ller flera olika vitaminer och mineraler, samt har ett h\u00f6gt v\u00e4rde av protein som ger en behaglig m\u00e4ttnadsk\u00e4nsla.", "market": "SE", "products": [{"id": "21986", "label": "UTG\u00c5ENDE Nut 15-pack Quinoa Glutfree", "self": "https://api.matsmart.se/api/v1.0/products/21986", "best_before": "1581462000", "product_contents": [{"id": "246071", "self": "https://cdn2.matsmart.se/sites/se/files/product_contents/nutrilett_quinoa_nut_crunch_innehall_2.jpg", "filemime": "image/jpeg", "filesize": "241510", "width": "800", "height": "800", "styles": ""}, {"id": "343216", "self": "https://cdn1.matsmart.se/sites/se/files/product_contents/smart_meal_1_0.jpg", "filemime": "image/jpeg", "filesize": "240093", "width": "1200", "height": "1200", "styles": ""}], "sku": "7070866021160", "gtin": "07070866021160", "images": [{"id": "246061", "self": "https://cdn1.matsmart.se/sites/se/files/products/hl_nutrilett_quinoa_nut_crunch.jpg", "filemime": "image/jpeg", "filesize": "346119", "width": "800", "height": "800", "styles": {"product_full": "https://cdn1.matsmart.se/sites/se/files/styles/product_full/public/products/hl_nutrilett_quinoa_nut_crunch.jpg?itok=IBtiBvGQ", "product_full_2x": "https://cdn1.matsmart.se/sites/se/files/styles/product_full_2x/public/products/hl_nutrilett_quinoa_nut_crunch.jpg?itok=xxY12_I0", "product_teaser": "https://cdn1.matsmart.se/sites/se/files/styles/product_teaser/public/products/hl_nutrilett_quinoa_nut_crunch.jpg?itok=qc8Bf1Ts", "product_teaser_2x": "https://cdn1.matsmart.se/sites/se/files/styles/product_teaser_2x/public/products/hl_nutrilett_quinoa_nut_crunch.jpg?itok=LrSlHXj2", "product_zoom": "https://cdn1.matsmart.se/sites/se/files/styles/product_zoom/public/products/hl_nutrilett_quinoa_nut_crunch.jpg?itok=vw335j-8"}}], "max_purchase": "", "prices": {"comparison_price": "117,86 kr/kg", "price": {"amount": "9900", "currency_code": "SEK", "data": {"components": []}}, "old_price": {"amount": "29900", "currency_code": "SEK", "data": {"components": []}}}, "size": "15 x 56g", "status": "1", "stock": 0, "vat_rate": "se_intermediate", "volume": {"length": "22.00000", "width": "15.00000", "height": "9.00000", "unit": "cm"}, "weight": {"weight": "959.00000", "unit": "g"}, "product_category": "20936", "suppliers": [], "seasonal_themes": []}], "published": "0", "status": "0", "sticky": "0", "tags": ["9398", "18556"]}, {"id": "68211", "label": "CHIAFR\u00d6 170G", "self": "https://api.matsmart.se/api/v1.0/product-displays/68211", "brand": null, "brand_name": "", "categories": [], "created": "1509379201", "exclude_from_list": null, "product_info": null, "market": "SE", "products": [{"id": "22086", "label": "UTG\u00c5ENDE CHIAFR\u00d6 170G", "self": "https://api.matsmart.se/api/v1.0/products/22086", "best_before": null, "product_contents": [], "sku": "7312631203204", "gtin": "7312631203204", "images": [], "max_purchase": "", "prices": {"price": {"amount": "2000", "currency_code": "SEK", "data": {"components": []}}, "old_price": {"amount": "2900", "currency_code": "SEK", "data": {"components": []}}}, "size": null, "status": "1", "stock": 0, "vat_rate": "se_intermediate", "volume": null, "weight": {"weight": "0.00000", "unit": "g"}, "product_category": null, "suppliers": [], "seasonal_themes": []}], "published": "0", "status": "0", "sticky": "0", "tags": []}, {"id": "68841", "label": "Havregryn 1kg", "self": "https://api.matsmart.se/api/v1.0/product-displays/68841", "brand": "547", "brand_name": "Axa", "categories": [], "created": "1511359056", "exclude_from_list": null, "product_info": "Havregryn fr\u00e5n J\u00e4rna kvarn som passar utm\u00e4rkt att anv\u00e4nda i exempelvis chokladbollar!\u00a0", "market": "SE", "products": [{"id": "22276", "label": "UTG\u00c5ENDE AXA Havregryn 1000g", "self": "https://api.matsmart.se/api/v1.0/products/22276", "best_before": "1515106800", "product_contents": [{"id": "80416", "self": "https://cdn3.matsmart.se/sites/se/files/product_contents/havregryn_innehall.jpg", "filemime": "image/jpeg", "filesize": "311048", "width": "800", "height": "800", "styles": ""}], "sku": "7310130001284", "gtin": "7310130001284", "images": [{"id": "80471", "self": "https://cdn1.matsmart.se/sites/se/files/products/axa_havregryn.jpg", "filemime": "image/jpeg", "filesize": "288092", "width": "800", "height": "800", "styles": {"product_full": "https://cdn1.matsmart.se/sites/se/files/styles/product_full/public/products/axa_havregryn.jpg?itok=mMN6lz9E", "product_full_2x": "https://cdn1.matsmart.se/sites/se/files/styles/product_full_2x/public/products/axa_havregryn.jpg?itok=Hy5pMWlc", "product_teaser": "https://cdn1.matsmart.se/sites/se/files/styles/product_teaser/public/products/axa_havregryn.jpg?itok=BIUnjgDP", "product_teaser_2x": "https://cdn1.matsmart.se/sites/se/files/styles/product_teaser_2x/public/products/axa_havregryn.jpg?itok=56Kru7Mz", "product_zoom": "https://cdn1.matsmart.se/sites/se/files/styles/product_zoom/public/products/axa_havregryn.jpg?itok=b9HTC47j"}}], "max_purchase": "", "prices": {"comparison_price": "12,00 kr/kg", "price": {"amount": "1200", "currency_code": "SEK", "data": {"components": []}}, "old_price": {"amount": "1590", "currency_code": "SEK", "data": {"components": []}}}, "size": "1kg", "status": "1", "stock": 0, "vat_rate": "se_intermediate", "volume": {"length": "25.00000", "width": "13.00000", "height": "8.50000", "unit": "cm"}, "weight": {"weight": "1050.00000", "unit": "g"}, "product_category": null, "suppliers": [], "seasonal_themes": []}], "published": "0", "status": "0", "sticky": "0", "tags": []}, {"id": "68871", "label": "Fiberhavregryn", "self": "https://api.matsmart.se/api/v1.0/product-displays/68871", "brand": null, "brand_name": "", "categories": [], "created": "1578400854", "exclude_from_list": true, "product_info": "AXA Fiberhavregryn \u00e4r f\u00f6r dig som vill f\u00e5 i dig lite extra fibrer. Fiberhavregryn \u00e4r en blandning av havregryn och fiberrikt vetekli. Det g\u00f6r gott, b\u00e5de f\u00f6r smaken och f\u00f6r magen!", "market": "SE", "products": [{"id": "22286", "label": "UTG\u00c5ENDE AXA Fiberhavregryn 1500g", "self": "https://api.matsmart.se/api/v1.0/products/22286", "best_before": "1606777200", "product_contents": [{"id": "329611", "self": "https://cdn4.matsmart.se/sites/se/files/product_contents/axa_fiber_havregryn_innehall_ny.jpg", "filemime": "image/jpeg", "filesize": "264271", "width": "800", "height": "800", "styles": ""}], "sku": "7310130006128", "gtin": "7310130006128", "images": [{"id": "329606", "self": "https://cdn2.matsmart.se/sites/se/files/products/axa_fiber_havregryn_ny.jpg", "filemime": "image/jpeg", "filesize": "381280", "width": "800", "height": "800", "styles": {"product_full": "https://cdn2.matsmart.se/sites/se/files/styles/product_full/public/products/axa_fiber_havregryn_ny.jpg?itok=q5I1KtTL", "product_full_2x": "https://cdn2.matsmart.se/sites/se/files/styles/product_full_2x/public/products/axa_fiber_havregryn_ny.jpg?itok=6c0P-FWf", "product_teaser": "https://cdn2.matsmart.se/sites/se/files/styles/product_teaser/public/products/axa_fiber_havregryn_ny.jpg?itok=L6cK2wSq", "product_teaser_2x": "https://cdn2.matsmart.se/sites/se/files/styles/product_teaser_2x/public/products/axa_fiber_havregryn_ny.jpg?itok=T90-gA9S", "product_zoom": "https://cdn2.matsmart.se/sites/se/files/styles/product_zoom/public/products/axa_fiber_havregryn_ny.jpg?itok=F8hFjHZ0"}}], "max_purchase": "", "prices": {"comparison_price": "15,33 kr/kg", "price": {"amount": "2300", "currency_code": "SEK", "data": {"components": []}}, "old_price": {"amount": "2400", "currency_code": "SEK", "data": {"components": []}}}, "size": "1,5kg", "status": "1", "stock": 76, "vat_rate": "se_intermediate", "volume": {"length": "25.00000", "width": "14.50000", "height": "10.50000", "unit": "cm"}, "weight": {"weight": "1507.00000", "unit": "g"}, "product_category": "20726", "suppliers": [], "seasonal_themes": []}], "published": "1578400854", "status": "1", "sticky": "0", "tags": ["21721"]}, {"id": "68901", "label": "Fiberhavregryn 1kg", "self": "https://api.matsmart.se/api/v1.0/product-displays/68901", "brand": "9187", "brand_name": "Gyllenhammars", "categories": ["14951"], "created": "1551428571", "exclude_from_list": null, "product_info": "Fiberrikt havregryn med tillsatt havrekli, passar utm\u00e4rkt att anv\u00e4ndas till gr\u00f6t, bullar eller pajer!\u00a0", "market": "SE", "products": [{"id": "22296", "label": "UTG\u00c5ENDE Gyllenhammars Fiberhavregryn 1000g", "self": "https://api.matsmart.se/api/v1.0/products/22296", "best_before": "1560808800", "product_contents": [{"id": "80446", "self": "https://cdn2.matsmart.se/sites/se/files/product_contents/gyllenhammars_fiberhavregryn_innehall.jpg", "filemime": "image/jpeg", "filesize": "365543", "width": "800", "height": "800", "styles": ""}], "sku": "7310130321238", "gtin": "7310130321238", "images": [{"id": "80441", "self": "https://cdn4.matsmart.se/sites/se/files/products/gyllenhammars_fiberhavregryn.jpg", "filemime": "image/jpeg", "filesize": "276548", "width": "800", "height": "800", "styles": {"product_full": "https://cdn4.matsmart.se/sites/se/files/styles/product_full/public/products/gyllenhammars_fiberhavregryn.jpg?itok=NWyCN78f", "product_full_2x": "https://cdn4.matsmart.se/sites/se/files/styles/product_full_2x/public/products/gyllenhammars_fiberhavregryn.jpg?itok=WZUwnqUm", "product_teaser": "https://cdn4.matsmart.se/sites/se/files/styles/product_teaser/public/products/gyllenhammars_fiberhavregryn.jpg?itok=_xMFTn_c", "product_teaser_2x": "https://cdn4.matsmart.se/sites/se/files/styles/product_teaser_2x/public/products/gyllenhammars_fiberhavregryn.jpg?itok=KjAaT8cw", "product_zoom": "https://cdn4.matsmart.se/sites/se/files/styles/product_zoom/public/products/gyllenhammars_fiberhavregryn.jpg?itok=_dFlrUN7"}}], "max_purchase": "", "prices": {"comparison_price": "10,00 kr/kg", "price": {"amount": "1000", "currency_code": "SEK", "data": {"components": []}}, "old_price": {"amount": "2290", "currency_code": "SEK", "data": {"components": []}}}, "size": "1 kg", "status": "1", "stock": 0, "vat_rate": "se_intermediate", "volume": {"length": "25.00000", "width": "13.00000", "height": "8.50000", "unit": "cm"}, "weight": {"weight": "1045.00000", "unit": "g"}, "product_category": null, "suppliers": [], "seasonal_themes": []}], "published": "0", "status": "0", "sticky": "0", "tags": []}, {"id": "69446", "label": "Eko Chiafr\u00f6n", "self": "https://api.matsmart.se/api/v1.0/product-displays/69446", "brand": "12541", "brand_name": "Powerfruits", "categories": ["14956"], "created": "1581341330", "exclude_from_list": false, "product_info": "Ekologiska chiafr\u00f6n rika p\u00e5 Omega 3, fibrer, protein, antioxidanter och mineraler som kalcium, magnesium, j\u00e4rn och fosfor. Blanda ner i en smoothie eller g\u00f6r en smarrig chiapudding med!", "market": "SE", "products": [{"id": "22461", "label": "UTG\u00c5ENDE Chiafr\u00f6n EKO 1kg", "self": "https://api.matsmart.se/api/v1.0/products/22461", "best_before": "1597010400", "product_contents": [{"id": "92511", "self": "https://cdn3.matsmart.se/sites/se/files/product_contents/chiafron_1kg_innehall.png", "filemime": "image/png", "filesize": "34091", "width": "384", "height": "419", "styles": ""}, {"id": "342196", "self": "https://cdn2.matsmart.se/sites/se/files/product_contents/powerfruits_eko_chiafron_innehall_ny.jpg", "filemime": "image/jpeg", "filesize": "282546", "width": "800", "height": "800", "styles": ""}], "sku": "7350046226487", "gtin": "7350046226487", "images": [{"id": "349781", "self": "https://cdn4.matsmart.se/sites/se/files/products/powerfruit_chiafron_ny.jpg", "filemime": "image/jpeg", "filesize": "305020", "width": "800", "height": "800", "styles": {"product_full": "https://cdn4.matsmart.se/sites/se/files/styles/product_full/public/products/powerfruit_chiafron_ny.jpg?itok=E-WCg2cT", "product_full_2x": "https://cdn4.matsmart.se/sites/se/files/styles/product_full_2x/public/products/powerfruit_chiafron_ny.jpg?itok=Y2BnPptm", "product_teaser": "https://cdn4.matsmart.se/sites/se/files/styles/product_teaser/public/products/powerfruit_chiafron_ny.jpg?itok=sz0tcqz7", "product_teaser_2x": "https://cdn4.matsmart.se/sites/se/files/styles/product_teaser_2x/public/products/powerfruit_chiafron_ny.jpg?itok=vs5rK994", "product_zoom": "https://cdn4.matsmart.se/sites/se/files/styles/product_zoom/public/products/powerfruit_chiafron_ny.jpg?itok=YXaQwKyW"}}], "max_purchase": "", "prices": {"comparison_price": "159,00 kr/kg", "price": {"amount": "15900", "currency_code": "SEK", "data": {"components": []}}, "old_price": {"amount": "22500", "currency_code": "SEK", "data": {"components": []}}}, "size": "1kg", "status": "1", "stock": 0, "vat_rate": "se_intermediate", "volume": {"length": "30.00000", "width": "20.00000", "height": "8.00000", "unit": "cm"}, "weight": {"weight": "1011.00000", "unit": "g"}, "product_category": "20531", "suppliers": [], "seasonal_themes": []}], "published": "0", "status": "0", "sticky": "0", "tags": ["679", "15376", "16896", "21746", "557", "22361", "22401"]}, {"id": "70091", "label": "Havregrynsgr\u00f6t Hallon 400g", "self": "https://api.matsmart.se/api/v1.0/product-displays/70091", "brand": "131", "brand_name": "Fazer", "categories": [], "created": "1511443423", "exclude_from_list": null, "product_info": "Fiberrik och god havregrynsgr\u00f6t, h\u00e4r med en fr\u00e4sch smak av hallon!\u00a0Nyckelh\u00e5ls-m\u00e4rkt!", "market": "SE", "products": [{"id": "22676", "label": "Havregrynsgr\u00f6t Hallon", "self": "https://api.matsmart.se/api/v1.0/products/22676", "best_before": "1523052000", "product_contents": [{"id": "80941", "self": "https://cdn4.matsmart.se/sites/se/files/product_contents/hallon_grot_innehall.jpg", "filemime": "image/jpeg", "filesize": "300952", "width": "800", "height": "800", "styles": ""}], "sku": "MS100043", "gtin": "7312560059026", "images": [{"id": "80936", "self": "https://cdn1.matsmart.se/sites/se/files/products/hallon_havregrynsgrot.jpg", "filemime": "image/jpeg", "filesize": "382569", "width": "800", "height": "800", "styles": {"product_full": "https://cdn1.matsmart.se/sites/se/files/styles/product_full/public/products/hallon_havregrynsgrot.jpg?itok=rys5pRxI", "product_full_2x": "https://cdn1.matsmart.se/sites/se/files/styles/product_full_2x/public/products/hallon_havregrynsgrot.jpg?itok=8ErOhNLF", "product_teaser": "https://cdn1.matsmart.se/sites/se/files/styles/product_teaser/public/products/hallon_havregrynsgrot.jpg?itok=LI4XLTT_", "product_teaser_2x": "https://cdn1.matsmart.se/sites/se/files/styles/product_teaser_2x/public/products/hallon_havregrynsgrot.jpg?itok=dTPRJSC1", "product_zoom": "https://cdn1.matsmart.se/sites/se/files/styles/product_zoom/public/products/hallon_havregrynsgrot.jpg?itok=aACZiF-y"}}], "max_purchase": "", "prices": {"comparison_price": "37,50 kr/kg", "price": {"amount": "1500", "currency_code": "SEK", "data": {"components": []}}, "old_price": {"amount": "3190", "currency_code": "SEK", "data": {"components": []}}}, "size": "400g", "status": "1", "stock": 0, "vat_rate": "se_intermediate", "volume": {"length": "14.50000", "width": "6.50000", "height": "22.00000", "unit": "cm"}, "weight": {"weight": "461.00000", "unit": "g"}, "product_category": null, "suppliers": [], "seasonal_themes": []}], "published": "0", "status": "0", "sticky": "0", "tags": []}, {"id": "70106", "label": "Havregrynsgr\u00f6t Svarta Vinb\u00e4r & Jordgubbar 400g", "self": "https://api.matsmart.se/api/v1.0/product-displays/70106", "brand": "131", "brand_name": "Fazer", "categories": [], "created": "1517220756", "exclude_from_list": null, "product_info": "Nyckelh\u00e5ls-m\u00e4rkt samt fiberrik havregrynsgr\u00f6t med torkade svarta vinb\u00e4r samt jordgubbar. Fri fr\u00e5n tillsatt socker. H\u00e4r en fr\u00e4sch och god smak. Tillverkad av 100% fullkornsspannm\u00e5l.", "market": "SE", "products": [{"id": "22681", "label": "Havregrynsgr\u00f6t", "self": "https://api.matsmart.se/api/v1.0/products/22681", "best_before": "1522274400", "product_contents": [{"id": "81861", "self": "https://cdn1.matsmart.se/sites/se/files/product_contents/havregrynsgrot_svarta_vinbar_jordgubbar_400g_innehall.png", "filemime": "image/png", "filesize": "32992", "width": "433", "height": "273", "styles": ""}], "sku": "MS100044", "gtin": "7312560059033", "images": [{"id": "81866", "self": "https://cdn1.matsmart.se/sites/se/files/products/havregrynsgrot_svarta_vinbar_jordgubbar_400g_fazer.jpg", "filemime": "image/jpeg", "filesize": "392640", "width": "800", "height": "800", "styles": {"product_full": "https://cdn1.matsmart.se/sites/se/files/styles/product_full/public/products/havregrynsgrot_svarta_vinbar_jordgubbar_400g_fazer.jpg?itok=XS6pJDhd", "product_full_2x": "https://cdn1.matsmart.se/sites/se/files/styles/product_full_2x/public/products/havregrynsgrot_svarta_vinbar_jordgubbar_400g_fazer.jpg?itok=AbNUUcSx", "product_teaser": "https://cdn1.matsmart.se/sites/se/files/styles/product_teaser/public/products/havregrynsgrot_svarta_vinbar_jordgubbar_400g_fazer.jpg?itok=Etx3OJal", "product_teaser_2x": "https://cdn1.matsmart.se/sites/se/files/styles/product_teaser_2x/public/products/havregrynsgrot_svarta_vinbar_jordgubbar_400g_fazer.jpg?itok=IA_EWfu0", "product_zoom": "https://cdn1.matsmart.se/sites/se/files/styles/product_zoom/public/products/havregrynsgrot_svarta_vinbar_jordgubbar_400g_fazer.jpg?itok=CToG-42I"}}], "max_purchase": "", "prices": {"comparison_price": "37,50 kr/kg", "price": {"amount": "1500", "currency_code": "SEK", "data": {"components": []}}, "old_price": {"amount": "3190", "currency_code": "SEK", "data": {"components": []}}}, "size": "400g", "status": "1", "stock": -2, "vat_rate": "se_intermediate", "volume": {"length": "14.50000", "width": "6.50000", "height": "22.00000", "unit": "cm"}, "weight": {"weight": "460.00000", "unit": "g"}, "product_category": null, "suppliers": [], "seasonal_themes": []}], "published": "0", "status": "0", "sticky": "0", "tags": []}, {"id": "7021", "label": "Quinoa R\u00f6d", "self": "https://api.matsmart.se/api/v1.0/product-displays/7021", "brand": "7518", "brand_name": "MinElla", "categories": ["14921"], "created": "1587969184", "exclude_from_list": false, "product_info": "Glutenfri r\u00f6d quinoa. Har ett h\u00f6gt v\u00e4rde av protein, fiber och j\u00e4rn. Anv\u00e4nd i sallader, i soppor eller som bas till vegetariska biffar.", "market": "SE", "products": [{"id": "6577", "label": "UTG\u00c5ENDE Quinoa r\u00f6d ekologisk 340 g", "self": "https://api.matsmart.se/api/v1.0/products/6577", "best_before": "1638658800", "product_contents": [{"id": "135266", "self": "https://cdn1.matsmart.se/sites/se/files/product_contents/minella_rod_quinoa_innehall_ny.jpg", "filemime": "image/jpeg", "filesize": "413307", "width": "800", "height": "800", "styles": ""}], "sku": "7340062830270", "gtin": "7340062830270", "images": [{"id": "214321", "self": "https://cdn3.matsmart.se/sites/se/files/products/minella_red_quinoa_ej_eko.jpg", "filemime": "image/jpeg", "filesize": "278856", "width": "800", "height": "800", "styles": {"product_full": "https://cdn3.matsmart.se/sites/se/files/styles/product_full/public/products/minella_red_quinoa_ej_eko.jpg?itok=lfRU_xNK", "product_full_2x": "https://cdn3.matsmart.se/sites/se/files/styles/product_full_2x/public/products/minella_red_quinoa_ej_eko.jpg?itok=vsJiaTk3", "product_teaser": "https://cdn3.matsmart.se/sites/se/files/styles/product_teaser/public/products/minella_red_quinoa_ej_eko.jpg?itok=ZCHiev3O", "product_teaser_2x": "https://cdn3.matsmart.se/sites/se/files/styles/product_teaser_2x/public/products/minella_red_quinoa_ej_eko.jpg?itok=WeqyyOst", "product_zoom": "https://cdn3.matsmart.se/sites/se/files/styles/product_zoom/public/products/minella_red_quinoa_ej_eko.jpg?itok=gQcJuqe_"}}], "max_purchase": "", "prices": {"comparison_price": "114,71 kr/kg", "price": {"amount": "3900", "currency_code": "SEK", "data": {"components": []}}, "old_price": {"amount": "4900", "currency_code": "SEK", "data": {"components": []}}}, "size": "340g", "status": "1", "stock": 101, "vat_rate": "se_intermediate", "volume": {"length": "20.00000", "width": "13.00000", "height": "4.50000", "unit": "cm"}, "weight": {"weight": "353.00000", "unit": "g"}, "product_category": "20456", "suppliers": [], "seasonal_themes": []}], "published": "1587969184", "status": "1", "sticky": "0", "tags": ["9398"]}, {"id": "7022", "label": "Quinoa Mix 340g", "self": "https://api.matsmart.se/api/v1.0/product-displays/7022", "brand": "7518", "brand_name": "MinElla", "categories": ["14951"], "created": "1537169392", "exclude_from_list": null, "product_info": "Ekologisk quinoamix som inneh\u00e5ller viktiga aminosyror och \u00e4r en rik k\u00e4lla till protein, fiber och j\u00e4rn. Str\u00f6 \u00f6ver yoghurten eller anv\u00e4nd i br\u00f6dbaket!", "market": "SE", "products": [{"id": "6578", "label": "UTG\u00c5ENDE Quinoa mix ekologisk 340 g", "self": "https://api.matsmart.se/api/v1.0/products/6578", "best_before": "1585177200", "product_contents": [{"id": "101011", "self": "https://cdn2.matsmart.se/sites/se/files/product_contents/minella_quinoa_innehall.jpg", "filemime": "image/jpeg", "filesize": "420375", "width": "800", "height": "800", "styles": ""}], "sku": "7340062830294", "gtin": "7340062830294", "images": [{"id": "101006", "self": "https://cdn2.matsmart.se/sites/se/files/products/minella_quinoa.jpg", "filemime": "image/jpeg", "filesize": "345923", "width": "800", "height": "800", "styles": {"product_full": "https://cdn2.matsmart.se/sites/se/files/styles/product_full/public/products/minella_quinoa.jpg?itok=_z2kgzeg", "product_full_2x": "https://cdn2.matsmart.se/sites/se/files/styles/product_full_2x/public/products/minella_quinoa.jpg?itok=N8df10zi", "product_teaser": "https://cdn2.matsmart.se/sites/se/files/styles/product_teaser/public/products/minella_quinoa.jpg?itok=jN_AwB1l", "product_teaser_2x": "https://cdn2.matsmart.se/sites/se/files/styles/product_teaser_2x/public/products/minella_quinoa.jpg?itok=LTlFLOyt", "product_zoom": "https://cdn2.matsmart.se/sites/se/files/styles/product_zoom/public/products/minella_quinoa.jpg?itok=I8DqevAC"}}], "max_purchase": "", "prices": {"comparison_price": "102,94 kr/kg", "price": {"amount": "3500", "currency_code": "SEK", "data": {"components": []}}, "old_price": {"amount": "4490", "currency_code": "SEK", "data": {"components": []}}}, "size": "340g", "status": "1", "stock": 0, "vat_rate": "se_intermediate", "volume": {"length": "21.00000", "width": "13.00000", "height": "4.00000", "unit": "cm"}, "weight": {"weight": "353.00000", "unit": "g"}, "product_category": "20456", "suppliers": [], "seasonal_themes": []}], "published": "0", "status": "0", "sticky": "0", "tags": ["679"]}, {"id": "7024", "label": "Quinoaflingor ", "self": "https://api.matsmart.se/api/v1.0/product-displays/7024", "brand": "8779", "brand_name": "Live", "categories": [], "created": "1472630056", "exclude_from_list": null, "product_info": "Glutenfria flingor fr\u00e5n Quinoa. Dessa flingor \u00e4r en rik k\u00e4lla till protein, fiber och j\u00e4rn.", "market": "SE", "products": [{"id": "6580", "label": "UTG\u00c5ENDE Quinoa flakes 250g", "self": "https://api.matsmart.se/api/v1.0/products/6580", "best_before": "1494885600", "product_contents": [], "sku": "7340062830331", "gtin": null, "images": [{"id": "12514", "self": "https://cdn1.matsmart.se/sites/se/files/products/quinoa_flingor.jpg", "filemime": "image/jpeg", "filesize": "233578", "width": "800", "height": "800", "styles": {"product_full": "https://cdn1.matsmart.se/sites/se/files/styles/product_full/public/products/quinoa_flingor.jpg?itok=_ZL5i5Wr", "product_full_2x": "https://cdn1.matsmart.se/sites/se/files/styles/product_full_2x/public/products/quinoa_flingor.jpg?itok=cFX9Rst4", "product_teaser": "https://cdn1.matsmart.se/sites/se/files/styles/product_teaser/public/products/quinoa_flingor.jpg?itok=NAEfIr29", "product_teaser_2x": "https://cdn1.matsmart.se/sites/se/files/styles/product_teaser_2x/public/products/quinoa_flingor.jpg?itok=ocG47t6K", "product_zoom": "https://cdn1.matsmart.se/sites/se/files/styles/product_zoom/public/products/quinoa_flingor.jpg?itok=3OWS7-95"}}], "max_purchase": "", "prices": {"comparison_price": "156 kr/kg", "price": {"amount": "3900", "currency_code": "SEK", "data": {"components": []}}, "old_price": {"amount": "4990", "currency_code": "SEK", "data": {"components": []}}, "price_table": {"amount": "3000", "currency_code": "SEK", "min_qty": "2", "max_qty": "-1", "data": {"components": []}}}, "size": "250g", "status": "1", "stock": 0, "vat_rate": "se_intermediate", "volume": {"length": "15.00000", "width": "12.00000", "height": "4.00000", "unit": "cm"}, "weight": {"weight": "261.00000", "unit": "g"}, "product_category": null, "suppliers": [], "seasonal_themes": []}], "published": "0", "status": "0", "sticky": "0", "tags": []}, {"id": "7026", "label": "Chiafr\u00f6n", "self": "https://api.matsmart.se/api/v1.0/product-displays/7026", "brand": "7518", "brand_name": "MinElla", "categories": ["14951"], "created": "1579249018", "exclude_from_list": false, "product_info": "N\u00e4ringsrika chiafr\u00f6n som har ett h\u00f6gt v\u00e4rde protein och fiber. Str\u00f6 \u00f6ver filen eller yoghurten eller ha i br\u00f6dbaket!", "market": "SE", "products": [{"id": "6582", "label": "UTG\u00c5ENDE Chia 340g", "self": "https://api.matsmart.se/api/v1.0/products/6582", "best_before": "1619733600", "product_contents": [{"id": "100996", "self": "https://cdn4.matsmart.se/sites/se/files/product_contents/minella_chia_innehall.jpg", "filemime": "image/jpeg", "filesize": "409694", "width": "800", "height": "800", "styles": ""}], "sku": "7340062830324", "gtin": "7340062830324", "images": [{"id": "100991", "self": "https://cdn2.matsmart.se/sites/se/files/products/minella_chia.jpg", "filemime": "image/jpeg", "filesize": "292815", "width": "800", "height": "800", "styles": {"product_full": "https://cdn2.matsmart.se/sites/se/files/styles/product_full/public/products/minella_chia.jpg?itok=gWwx-zb4", "product_full_2x": "https://cdn2.matsmart.se/sites/se/files/styles/product_full_2x/public/products/minella_chia.jpg?itok=dPtWmeWn", "product_teaser": "https://cdn2.matsmart.se/sites/se/files/styles/product_teaser/public/products/minella_chia.jpg?itok=O_hTZtat", "product_teaser_2x": "https://cdn2.matsmart.se/sites/se/files/styles/product_teaser_2x/public/products/minella_chia.jpg?itok=9q1GNoFf", "product_zoom": "https://cdn2.matsmart.se/sites/se/files/styles/product_zoom/public/products/minella_chia.jpg?itok=0If4Snbw"}}], "max_purchase": "", "prices": {"comparison_price": "114,71 kr/kg", "price": {"amount": "3900", "currency_code": "SEK", "data": {"components": []}}, "old_price": {"amount": "4900", "currency_code": "SEK", "data": {"components": []}}}, "size": "340g", "status": "1", "stock": 0, "vat_rate": "se_intermediate", "volume": {"length": "20.00000", "width": "15.00000", "height": "4.00000", "unit": "cm"}, "weight": {"weight": "350.00000", "unit": "g"}, "product_category": "20741", "suppliers": [], "seasonal_themes": []}], "published": "0", "status": "0", "sticky": "0", "tags": ["557", "18556"]}, {"id": "70316", "label": "Quinoamj\u00f6l 300g", "self": "https://api.matsmart.se/api/v1.0/product-displays/70316", "brand": "1895", "brand_name": "Urtekram", "categories": [], "created": "1513255135", "exclude_from_list": null, "product_info": "Ekologiskt samt veganv\u00e4nligt quinoamj\u00f6l som \u00e4r en rik proteink\u00e4lla. Passar utm\u00e4rkt att anv\u00e4nda till bakningen eller att g\u00f6ra pannkakor p\u00e5!\u00a0", "market": "SE", "products": [{"id": "22751", "label": "Quinoamj\u00f6l 300g", "self": "https://api.matsmart.se/api/v1.0/products/22751", "best_before": "1513638000", "product_contents": [{"id": "86581", "self": "https://cdn4.matsmart.se/sites/se/files/product_contents/quionamjol_innehall.jpg", "filemime": "image/jpeg", "filesize": "348049", "width": "800", "height": "800", "styles": ""}], "sku": "MS100058", "gtin": "5765228112694", "images": [{"id": "86576", "self": "https://cdn4.matsmart.se/sites/se/files/products/quionamjol.jpg", "filemime": "image/jpeg", "filesize": "314178", "width": "800", "height": "800", "styles": {"product_full": "https://cdn4.matsmart.se/sites/se/files/styles/product_full/public/products/quionamjol.jpg?itok=kPfYokhY", "product_full_2x": "https://cdn4.matsmart.se/sites/se/files/styles/product_full_2x/public/products/quionamjol.jpg?itok=UUnTi-6C", "product_teaser": "https://cdn4.matsmart.se/sites/se/files/styles/product_teaser/public/products/quionamjol.jpg?itok=fNIhSAgM", "product_teaser_2x": "https://cdn4.matsmart.se/sites/se/files/styles/product_teaser_2x/public/products/quionamjol.jpg?itok=ilLcxIqT", "product_zoom": "https://cdn4.matsmart.se/sites/se/files/styles/product_zoom/public/products/quionamjol.jpg?itok=ibatFbfe"}}], "max_purchase": "", "prices": {"comparison_price": "33,33 kr/kg", "price": {"amount": "1000", "currency_code": "SEK", "data": {"components": []}}, "old_price": {"amount": "2990", "currency_code": "SEK", "data": {"components": []}}}, "size": "300g", "status": "1", "stock": 0, "vat_rate": "se_intermediate", "volume": {"length": "20.00000", "width": "14.00000", "height": "4.00000", "unit": "cm"}, "weight": {"weight": "320.00000", "unit": "g"}, "product_category": null, "suppliers": [], "seasonal_themes": []}], "published": "0", "status": "0", "sticky": "0", "tags": ["679"]}, {"id": "7034", "label": "Eko Quinoa Vit 340g", "self": "https://api.matsmart.se/api/v1.0/product-displays/7034", "brand": "7518", "brand_name": "MinElla", "categories": [], "created": "1536066310", "exclude_from_list": null, "product_info": "Ekologisk, vit quinoa. Quinoa har ett h\u00f6gt v\u00e4rde av protein, fiber och j\u00e4rn och \u00e4r l\u00e4tt att anv\u00e4nda i matlagning.\u00a0", "market": "SE", "products": [{"id": "6588", "label": "UTG\u00c5ENDE Quinoa vit ekologisk 340g", "self": "https://api.matsmart.se/api/v1.0/products/6588", "best_before": "1559080800", "product_contents": [{"id": "135276", "self": "https://cdn3.matsmart.se/sites/se/files/product_contents/minella_innehall_ny.jpg", "filemime": "image/jpeg", "filesize": "415139", "width": "800", "height": "800", "styles": ""}], "sku": "7340062830263", "gtin": "7340062830263", "images": [{"id": "161606", "self": "https://cdn2.matsmart.se/sites/se/files/products/live_quinoa_ny.jpg", "filemime": "image/jpeg", "filesize": "256371", "width": "800", "height": "800", "styles": {"product_full": "https://cdn2.matsmart.se/sites/se/files/styles/product_full/public/products/live_quinoa_ny.jpg?itok=ppniJH5O", "product_full_2x": "https://cdn2.matsmart.se/sites/se/files/styles/product_full_2x/public/products/live_quinoa_ny.jpg?itok=G8rQCLj-", "product_teaser": "https://cdn2.matsmart.se/sites/se/files/styles/product_teaser/public/products/live_quinoa_ny.jpg?itok=_9gSGcUO", "product_teaser_2x": "https://cdn2.matsmart.se/sites/se/files/styles/product_teaser_2x/public/products/live_quinoa_ny.jpg?itok=Dstf2Acj", "product_zoom": "https://cdn2.matsmart.se/sites/se/files/styles/product_zoom/public/products/live_quinoa_ny.jpg?itok=PY1_796e"}}], "max_purchase": "", "prices": {"comparison_price": "102,94 kr/kg", "price": {"amount": "3500", "currency_code": "SEK", "data": {"components": []}}, "old_price": {"amount": "4490", "currency_code": "SEK", "data": {"components": []}}}, "size": "340g", "status": "1", "stock": 0, "vat_rate": "se_intermediate", "volume": {"length": "20.00000", "width": "14.50000", "height": "4.00000", "unit": "cm"}, "weight": {"weight": "352.00000", "unit": "g"}, "product_category": null, "suppliers": [], "seasonal_themes": []}], "published": "0", "status": "0", "sticky": "0", "tags": ["679", "9398"]}, {"id": "70631", "label": "fiberhavregryn 700g", "self": "https://api.matsmart.se/api/v1.0/product-displays/70631", "brand": null, "brand_name": "", "categories": [], "created": "1510329601", "exclude_from_list": null, "product_info": null, "market": "SE", "products": [{"id": "22856", "label": "fiberhavregryn 700g", "self": "https://api.matsmart.se/api/v1.0/products/22856", "best_before": null, "product_contents": [], "sku": "MS100079", "gtin": "5765228121061", "images": [], "max_purchase": "", "prices": {"price": {"amount": "1000", "currency_code": "SEK", "data": {"components": []}}, "old_price": {"amount": "2490", "currency_code": "SEK", "data": {"components": []}}}, "size": null, "status": "1", "stock": 0, "vat_rate": "se_intermediate", "volume": {"length": "0.00000", "width": "0.00000", "height": "0.00000", "unit": "cm"}, "weight": {"weight": "0.00000", "unit": "g"}, "product_category": null, "suppliers": [], "seasonal_themes": []}], "published": "0", "status": "0", "sticky": "0", "tags": []}, {"id": "7094", "label": "Frukostpuffar Quinoa 200g", "self": "https://api.matsmart.se/api/v1.0/product-displays/7094", "brand": "8548", "brand_name": "Live Quinoa", "categories": [], "created": "1533713442", "exclude_from_list": null, "product_info": "Smarriga frukostpuffar av quinoa, fria fr\u00e5n kolesterol och \u00e4r en utm\u00e4rkt k\u00e4lla till protein och fibrer.\u00a0", "market": "SE", "products": [{"id": "6625", "label": "UTG\u00c5ENDE Quinoa pops 200 g", "self": "https://api.matsmart.se/api/v1.0/products/6625", "best_before": "1552950000", "product_contents": [{"id": "19814", "self": "https://cdn4.matsmart.se/sites/se/files/product_contents/live_quinoa_pops_innehall_0.jpg", "filemime": "image/jpeg", "filesize": "297738", "width": "800", "height": "800", "styles": ""}], "sku": "7750130000298", "gtin": "7750130000298", "images": [{"id": "13116", "self": "https://cdn4.matsmart.se/sites/se/files/products/live_quinoa_pops.jpg", "filemime": "image/jpeg", "filesize": "296264", "width": "800", "height": "800", "styles": {"product_full": "https://cdn4.matsmart.se/sites/se/files/styles/product_full/public/products/live_quinoa_pops.jpg?itok=2NfrrAPk", "product_full_2x": "https://cdn4.matsmart.se/sites/se/files/styles/product_full_2x/public/products/live_quinoa_pops.jpg?itok=bIrAg9hI", "product_teaser": "https://cdn4.matsmart.se/sites/se/files/styles/product_teaser/public/products/live_quinoa_pops.jpg?itok=jPg3tkPM", "product_teaser_2x": "https://cdn4.matsmart.se/sites/se/files/styles/product_teaser_2x/public/products/live_quinoa_pops.jpg?itok=LT6cdMOk", "product_zoom": "https://cdn4.matsmart.se/sites/se/files/styles/product_zoom/public/products/live_quinoa_pops.jpg?itok=w1pvxFIN"}}], "max_purchase": "", "prices": {"comparison_price": "150,00 kr/kg", "price": {"amount": "3000", "currency_code": "SEK", "data": {"components": []}}, "old_price": {"amount": "4290", "currency_code": "SEK", "data": {"components": []}}}, "size": "200g", "status": "1", "stock": 0, "vat_rate": "se_intermediate", "volume": {"length": "24.00000", "width": "18.00000", "height": "6.50000", "unit": "cm"}, "weight": {"weight": "255.00000", "unit": "g"}, "product_category": null, "suppliers": [], "seasonal_themes": []}], "published": "0", "status": "0", "sticky": "0", "tags": []}, {"id": "71086", "label": "Havregryn \"Finvalsade\" 780g", "self": "https://api.matsmart.se/api/v1.0/product-displays/71086", "brand": "547", "brand_name": "Axa", "categories": [], "created": "1512571677", "exclude_from_list": null, "product_info": "Klippta, tunna havregryn vilket ger en fin och sl\u00e4t havregrynsgr\u00f6t. G\u00e5r ocks\u00e5 utm\u00e4rkt att g\u00f6ra overnight oats p\u00e5. Havregrynen inneh\u00e5ller 100% fullkorn och \u00e4r rika fiber samt en k\u00e4lla till vitaminer och mineral\u00e4mnen. Nyckelh\u00e5ls-m\u00e4rkta.", "market": "SE", "products": [{"id": "22996", "label": "Axa Finvalsade Havregryn 780g", "self": "https://api.matsmart.se/api/v1.0/products/22996", "best_before": "1513638000", "product_contents": [{"id": "84352", "self": "https://cdn4.matsmart.se/sites/se/files/product_contents/finvalsa_havre_gryn_axa_innehall.png", "filemime": "image/png", "filesize": "52285", "width": "425", "height": "428", "styles": ""}], "sku": "MS100130", "gtin": "7310130007446", "images": [{"id": "84347", "self": "https://cdn4.matsmart.se/sites/se/files/products/finvalsa_havre_gryn_axa.jpg", "filemime": "image/jpeg", "filesize": "351927", "width": "800", "height": "800", "styles": {"product_full": "https://cdn4.matsmart.se/sites/se/files/styles/product_full/public/products/finvalsa_havre_gryn_axa.jpg?itok=s2aluNkh", "product_full_2x": "https://cdn4.matsmart.se/sites/se/files/styles/product_full_2x/public/products/finvalsa_havre_gryn_axa.jpg?itok=yMwu6WbS", "product_teaser": "https://cdn4.matsmart.se/sites/se/files/styles/product_teaser/public/products/finvalsa_havre_gryn_axa.jpg?itok=eajbe56s", "product_teaser_2x": "https://cdn4.matsmart.se/sites/se/files/styles/product_teaser_2x/public/products/finvalsa_havre_gryn_axa.jpg?itok=pWM7AkyK", "product_zoom": "https://cdn4.matsmart.se/sites/se/files/styles/product_zoom/public/products/finvalsa_havre_gryn_axa.jpg?itok=A70mw_ZR"}}], "max_purchase": "", "prices": {"comparison_price": "12,82 kr/kg", "price": {"amount": "1000", "currency_code": "SEK", "data": {"components": []}}, "old_price": {"amount": "1690", "currency_code": "SEK", "data": {"components": []}}}, "size": "780g", "status": "1", "stock": 0, "vat_rate": "se_intermediate", "volume": {"length": "13.50000", "width": "8.50000", "height": "19.50000", "unit": "cm"}, "weight": {"weight": "784.00000", "unit": "g"}, "product_category": null, "suppliers": [], "seasonal_themes": []}], "published": "0", "status": "0", "sticky": "0", "tags": []}, {"id": "7139", "label": "R\u00e5rismix Quinoa, B\u00f6nor & Solrosfr\u00f6n", "self": "https://api.matsmart.se/api/v1.0/product-displays/7139", "brand": "6683", "brand_name": "Paul\u00fans", "categories": ["14921"], "created": "1582531502", "exclude_from_list": false, "product_info": "R\u00e5risblandning med black eye b\u00f6nor, quinoa och solrosfr\u00f6n. Endast naturliga r\u00e5varor. Passar bra till kyckling och k\u00f6tt.", "market": "SE", "products": [{"id": "6666", "label": "UTG\u00c5ENDE Pauluns Supermix R\u00e5ris", "self": "https://api.matsmart.se/api/v1.0/products/6666", "best_before": "1594072800", "product_contents": [{"id": "228281", "self": "https://cdn1.matsmart.se/sites/se/files/product_contents/pauluns_supermix_raris_quinoa_beb_solrosfron_innehall_ny.jpg", "filemime": "image/jpeg", "filesize": "99344", "width": "800", "height": "800", "styles": ""}], "sku": "7310240017014", "gtin": "7310240017014", "images": [{"id": "228276", "self": "https://cdn2.matsmart.se/sites/se/files/products/pauluns_supermix_raris_quinoa_beb_solrosfron_ny.jpg", "filemime": "image/jpeg", "filesize": "119377", "width": "800", "height": "800", "styles": {"product_full": "https://cdn2.matsmart.se/sites/se/files/styles/product_full/public/products/pauluns_supermix_raris_quinoa_beb_solrosfron_ny.jpg?itok=xoP6wVXs", "product_full_2x": "https://cdn2.matsmart.se/sites/se/files/styles/product_full_2x/public/products/pauluns_supermix_raris_quinoa_beb_solrosfron_ny.jpg?itok=bG8QOPi4", "product_teaser": "https://cdn2.matsmart.se/sites/se/files/styles/product_teaser/public/products/pauluns_supermix_raris_quinoa_beb_solrosfron_ny.jpg?itok=PEpKeOc3", "product_teaser_2x": "https://cdn2.matsmart.se/sites/se/files/styles/product_teaser_2x/public/products/pauluns_supermix_raris_quinoa_beb_solrosfron_ny.jpg?itok=7P3SsxTv", "product_zoom": "https://cdn2.matsmart.se/sites/se/files/styles/product_zoom/public/products/pauluns_supermix_raris_quinoa_beb_solrosfron_ny.jpg?itok=QCEMDhD2"}}], "max_purchase": "", "prices": {"comparison_price": "80,56 kr/kg", "price": {"amount": "2900", "currency_code": "SEK", "data": {"components": []}}, "old_price": {"amount": "4350", "currency_code": "SEK", "data": {"components": []}}}, "size": "360 g", "status": "1", "stock": 0, "vat_rate": "se_intermediate", "volume": {"length": "21.00000", "width": "14.00000", "height": "5.00000", "unit": "cm"}, "weight": {"weight": "372.00000", "unit": "g"}, "product_category": "20451", "suppliers": [], "seasonal_themes": []}], "published": "0", "status": "0", "sticky": "0", "tags": []}, {"id": "7461", "label": "Proteinhavregryn", "self": "https://api.matsmart.se/api/v1.0/product-displays/7461", "brand": "547", "brand_name": "Axa", "categories": ["14961"], "created": "1572596570", "exclude_from_list": false, "product_info": "Proteinhavregryn naturligt rik p\u00e5 protein fr\u00e5n havre och \u00e4rta, h\u00e4r hela 40% mer protein.", "market": "SE", "products": [{"id": "6966", "label": "UTG\u00c5ENDE Proteinhavregryn", "self": "https://api.matsmart.se/api/v1.0/products/6966", "best_before": "1585350000", "product_contents": [{"id": "311351", "self": "https://cdn1.matsmart.se/sites/se/files/product_contents/axa_proteinhavregryn_innehall_ny.jpg", "filemime": "image/jpeg", "filesize": "262210", "width": "800", "height": "800", "styles": ""}], "sku": "7310130006333", "gtin": "7310130006333", "images": [{"id": "311346", "self": "https://cdn3.matsmart.se/sites/se/files/products/axa_proteinhavregryn.jpg", "filemime": "image/jpeg", "filesize": "324264", "width": "800", "height": "800", "styles": {"product_full": "https://cdn3.matsmart.se/sites/se/files/styles/product_full/public/products/axa_proteinhavregryn.jpg?itok=ncWRiySr", "product_full_2x": "https://cdn3.matsmart.se/sites/se/files/styles/product_full_2x/public/products/axa_proteinhavregryn.jpg?itok=kDSFcU18", "product_teaser": "https://cdn3.matsmart.se/sites/se/files/styles/product_teaser/public/products/axa_proteinhavregryn.jpg?itok=MR73Svnh", "product_teaser_2x": "https://cdn3.matsmart.se/sites/se/files/styles/product_teaser_2x/public/products/axa_proteinhavregryn.jpg?itok=aweXPfur", "product_zoom": "https://cdn3.matsmart.se/sites/se/files/styles/product_zoom/public/products/axa_proteinhavregryn.jpg?itok=F0IEUYta"}}], "max_purchase": "", "prices": {"comparison_price": "11,76 kr/kg", "price": {"amount": "1900", "currency_code": "SEK", "data": {"components": []}}, "old_price": {"amount": "2890", "currency_code": "SEK", "data": {"components": []}}, "price_table": {"amount": "1500", "currency_code": "SEK", "min_qty": "2", "max_qty": "-1", "data": {"components": []}}}, "size": "425g", "status": "1", "stock": 0, "vat_rate": "se_intermediate", "volume": {"length": "20.00000", "width": "13.00000", "height": "5.00000", "unit": "cm"}, "weight": {"weight": "463.00000", "unit": "g"}, "product_category": "20706", "suppliers": [], "seasonal_themes": []}], "published": "0", "status": "0", "sticky": "0", "tags": ["18086", "18161", "18351"]}, {"id": "7545", "label": "Kn\u00e4ckebr\u00f6d Quinoa- & Vallmofr\u00f6n 255g", "self": "https://api.matsmart.se/api/v1.0/product-displays/7545", "brand": "6683", "brand_name": "Paul\u00fans", "categories": [], "created": "1493296282", "exclude_from_list": null, "product_info": "Kn\u00e4ckebr\u00f6d som \u00e4r rikt p\u00e5 fiber och \u00e4r helt fritt fr\u00e5n tillsatt socker. Bakat med bland annat quinoa- och vallmofr\u00f6n.", "market": "SE", "products": [{"id": "7041", "label": "UTG\u00c5ENDE Pauluns Superkn\u00e4cke Quinoa", "self": "https://api.matsmart.se/api/v1.0/products/7041", "best_before": "1496268000", "product_contents": [{"id": "25184", "self": "https://cdn3.matsmart.se/sites/se/files/product_contents/knackebrod_quinoa_vallmofron_255g_pauluns_innehall.png", "filemime": "image/png", "filesize": "56417", "width": "424", "height": "364", "styles": ""}], "sku": "7310240405002", "gtin": "", "images": [{"id": "13399", "self": "https://cdn1.matsmart.se/sites/se/files/products/superknacke_pauluns_quinoa_vallmofron_gula_linfron.jpg", "filemime": "image/jpeg", "filesize": "471660", "width": "800", "height": "800", "styles": {"product_full": "https://cdn1.matsmart.se/sites/se/files/styles/product_full/public/products/superknacke_pauluns_quinoa_vallmofron_gula_linfron.jpg?itok=UN3uMhJ7", "product_full_2x": "https://cdn1.matsmart.se/sites/se/files/styles/product_full_2x/public/products/superknacke_pauluns_quinoa_vallmofron_gula_linfron.jpg?itok=df4OuG94", "product_teaser": "https://cdn1.matsmart.se/sites/se/files/styles/product_teaser/public/products/superknacke_pauluns_quinoa_vallmofron_gula_linfron.jpg?itok=ISuXfFMT", "product_teaser_2x": "https://cdn1.matsmart.se/sites/se/files/styles/product_teaser_2x/public/products/superknacke_pauluns_quinoa_vallmofron_gula_linfron.jpg?itok=kaB3D5ov", "product_zoom": "https://cdn1.matsmart.se/sites/se/files/styles/product_zoom/public/products/superknacke_pauluns_quinoa_vallmofron_gula_linfron.jpg?itok=VMiziDLM"}}], "max_purchase": "", "prices": {"comparison_price": "74,50 kr/kg", "price": {"amount": "1900", "currency_code": "SEK", "data": {"components": []}}, "old_price": {"amount": "3290", "currency_code": "SEK", "data": {"components": []}}}, "size": "255g", "status": "1", "stock": 0, "vat_rate": "se_intermediate", "volume": {"length": "13.00000", "width": "14.00000", "height": "7.00000", "unit": "cm"}, "weight": {"weight": "310.00000", "unit": "g"}, "product_category": null, "suppliers": [], "seasonal_themes": []}], "published": "0", "status": "0", "sticky": "0", "tags": []}, {"id": "75686", "label": "Kn\u00e4ckebr\u00f6d \"Chia & Sesame Seeds\" 220g", "self": "https://api.matsmart.se/api/v1.0/product-displays/75686", "brand": "12526", "brand_name": "Mister Free'd", "categories": [], "created": "1514542903", "exclude_from_list": null, "product_info": "Ekologiskt samt glutenfria kn\u00e4ckebr\u00f6d h\u00e4r med h\u00e4rliga chiafr\u00f6n och sesamfr\u00f6n. Perfekt att \u00e4tas som dem \u00e4r eller med ett smarrigt p\u00e5l\u00e4gg!\u00a0", "market": "SE", "products": [{"id": "24471", "label": "EKO GLUTENFRI VEGAN Kn\u00e4ckebr\u00f6d med sesam och chia fr\u00f6", "self": "https://api.matsmart.se/api/v1.0/products/24471", "best_before": "1527544800", "product_contents": [{"id": "91196", "self": "https://cdn4.matsmart.se/sites/se/files/product_contents/mister_freed_chia_sesame_innehall.jpg", "filemime": "image/jpeg", "filesize": "254384", "width": "800", "height": "800", "styles": ""}], "sku": "MS100402", "gtin": "5060367450011", "images": [{"id": "91191", "self": "https://cdn1.matsmart.se/sites/se/files/products/mister_freed_chia_sesame.jpg", "filemime": "image/jpeg", "filesize": "186420", "width": "800", "height": "800", "styles": {"product_full": "https://cdn1.matsmart.se/sites/se/files/styles/product_full/public/products/mister_freed_chia_sesame.jpg?itok=PR-_MoqF", "product_full_2x": "https://cdn1.matsmart.se/sites/se/files/styles/product_full_2x/public/products/mister_freed_chia_sesame.jpg?itok=QIzkNWKu", "product_teaser": "https://cdn1.matsmart.se/sites/se/files/styles/product_teaser/public/products/mister_freed_chia_sesame.jpg?itok=MAA-w30i", "product_teaser_2x": "https://cdn1.matsmart.se/sites/se/files/styles/product_teaser_2x/public/products/mister_freed_chia_sesame.jpg?itok=_zEPKCpM", "product_zoom": "https://cdn1.matsmart.se/sites/se/files/styles/product_zoom/public/products/mister_freed_chia_sesame.jpg?itok=uLdiOTde"}}], "max_purchase": "", "prices": {"comparison_price": "68,18 kr/kg", "price": {"amount": "1500", "currency_code": "SEK", "data": {"components": []}}, "old_price": {"amount": "3750", "currency_code": "SEK", "data": {"components": []}}}, "size": "220g", "status": "1", "stock": 0, "vat_rate": "se_intermediate", "volume": {"length": "14.00000", "width": "9.00000", "height": "6.00000", "unit": "cm"}, "weight": {"weight": "260.00000", "unit": "g"}, "product_category": null, "suppliers": [], "seasonal_themes": []}], "published": "0", "status": "0", "sticky": "0", "tags": ["679", "9398"]}, {"id": "7646", "label": "Br\u00f6dmix Nypon- & Chiabr\u00f6d 315g", "self": "https://api.matsmart.se/api/v1.0/product-displays/7646", "brand": "534", "brand_name": "Risenta", "categories": [], "created": "1485867133", "exclude_from_list": null, "product_info": "Br\u00f6dmix som ger ett gott och fiberrikt br\u00f6d med nypon och chiafr\u00f6n. Enkelt att tillreda!", "market": "SE", "products": [{"id": "7137", "label": "UTG\u00c5ENDE Nypon &amp; Chiabr\u00f6d", "self": "https://api.matsmart.se/api/v1.0/products/7137", "best_before": "1486854000", "product_contents": [{"id": "18124", "self": "https://cdn4.matsmart.se/sites/se/files/product_contents/nypon_chiabrod_risenta_innehall.png", "filemime": "image/png", "filesize": "34969", "width": "439", "height": "297", "styles": ""}], "sku": "7312631400252", "gtin": "", "images": [{"id": "13493", "self": "https://cdn3.matsmart.se/sites/se/files/products/nypon_chiabrod.jpg", "filemime": "image/jpeg", "filesize": "432202", "width": "800", "height": "800", "styles": {"product_full": "https://cdn3.matsmart.se/sites/se/files/styles/product_full/public/products/nypon_chiabrod.jpg?itok=5eumPzSq", "product_full_2x": "https://cdn3.matsmart.se/sites/se/files/styles/product_full_2x/public/products/nypon_chiabrod.jpg?itok=nFXWklRf", "product_teaser": "https://cdn3.matsmart.se/sites/se/files/styles/product_teaser/public/products/nypon_chiabrod.jpg?itok=sZYm_x1h", "product_teaser_2x": "https://cdn3.matsmart.se/sites/se/files/styles/product_teaser_2x/public/products/nypon_chiabrod.jpg?itok=i1D13FeT", "product_zoom": "https://cdn3.matsmart.se/sites/se/files/styles/product_zoom/public/products/nypon_chiabrod.jpg?itok=GVJGkOae"}}], "max_purchase": "", "prices": {"comparison_price": "15,87 kr/kg", "price": {"amount": "500", "currency_code": "SEK", "data": {"components": []}}, "old_price": {"amount": "2990", "currency_code": "SEK", "data": {"components": []}}}, "size": "315g", "status": "1", "stock": 0, "vat_rate": "se_intermediate", "volume": {"length": "16.50000", "width": "15.00000", "height": "7.50000", "unit": "cm"}, "weight": {"weight": "396.00000", "unit": "g"}, "product_category": null, "suppliers": [], "seasonal_themes": []}], "published": "0", "status": "0", "sticky": "0", "tags": []}, {"id": "7666", "label": "Frukostflingor Chiafr\u00f6n & Bovete", "self": "https://api.matsmart.se/api/v1.0/product-displays/7666", "brand": "6683", "brand_name": "Paul\u00fans", "categories": ["14951"], "created": "1580979723", "exclude_from_list": false, "product_info": "Frukostflingor gjorda p\u00e5 chiafr\u00f6n och bovete med 78% fullkorn. Nyckelh\u00e5lsm\u00e4rkta samt glutenfria. En bra och nyttig start p\u00e5 dagen!", "market": "SE", "products": [{"id": "7157", "label": "UTG\u00c5ENDE Chiafr\u00f6 Flinga", "self": "https://api.matsmart.se/api/v1.0/products/7157", "best_before": "1594504800", "product_contents": [{"id": "232431", "self": "https://cdn3.matsmart.se/sites/se/files/product_contents/pauluns_superflingor_innehall_ny.jpg", "filemime": "image/jpeg", "filesize": "290414", "width": "800", "height": "800", "styles": ""}], "sku": "7310240408317", "gtin": "7310240408317", "images": [{"id": "13585", "self": "https://cdn3.matsmart.se/sites/se/files/products/pauluns_chiafron_bovete_superflingor.jpg", "filemime": "image/jpeg", "filesize": "427824", "width": "800", "height": "800", "styles": {"product_full": "https://cdn3.matsmart.se/sites/se/files/styles/product_full/public/products/pauluns_chiafron_bovete_superflingor.jpg?itok=X1ZWL22V", "product_full_2x": "https://cdn3.matsmart.se/sites/se/files/styles/product_full_2x/public/products/pauluns_chiafron_bovete_superflingor.jpg?itok=3RLhUji4", "product_teaser": "https://cdn3.matsmart.se/sites/se/files/styles/product_teaser/public/products/pauluns_chiafron_bovete_superflingor.jpg?itok=SyKEIcFs", "product_teaser_2x": "https://cdn3.matsmart.se/sites/se/files/styles/product_teaser_2x/public/products/pauluns_chiafron_bovete_superflingor.jpg?itok=5A_R4nKQ", "product_zoom": "https://cdn3.matsmart.se/sites/se/files/styles/product_zoom/public/products/pauluns_chiafron_bovete_superflingor.jpg?itok=QRGfxHeT"}}], "max_purchase": "", "prices": {"comparison_price": "77,33 kr/kg", "price": {"amount": "2900", "currency_code": "SEK", "data": {"components": []}}, "old_price": {"amount": "3995", "currency_code": "SEK", "data": {"components": []}}}, "size": "375g", "status": "1", "stock": 0, "vat_rate": "se_intermediate", "volume": {"length": "28.00000", "width": "19.50000", "height": "6.00000", "unit": "cm"}, "weight": {"weight": "460.00000", "unit": "g"}, "product_category": "20531", "suppliers": [], "seasonal_themes": []}], "published": "0", "status": "0", "sticky": "0", "tags": ["9398"]}, {"id": "7689", "label": "Proteinflingor \u00c4pple, Kanel & Chia", "self": "https://api.matsmart.se/api/v1.0/product-displays/7689", "brand": "534", "brand_name": "Risenta", "categories": [], "created": "1476800982", "exclude_from_list": null, "product_info": "Proteinflingor med 20% protein samt 53% fullkorn. Rika p\u00e5 fibrer och j\u00e4rn, h\u00e4r med smak av kanel, \u00e4pple och chiafr\u00f6n. Goda till yoghurt och mj\u00f6lk.", "market": "SE", "products": [{"id": "7175", "label": "UTG\u00c5ENDE Proteinflingor \u00c4pple, Kanel &amp; Chia", "self": "https://api.matsmart.se/api/v1.0/products/7175", "best_before": "1487113200", "product_contents": [{"id": "13484", "self": "https://cdn1.matsmart.se/sites/se/files/product_contents/protein_flingor_apple_kanel_chia_risenta_innehall_0.png", "filemime": "image/png", "filesize": "43057", "width": "952", "height": "264", "styles": ""}], "sku": "7312631410350", "gtin": null, "images": [{"id": "13483", "self": "https://cdn3.matsmart.se/sites/se/files/products/apple_kanel_chia_protein_flingor_risenta_0.jpg", "filemime": "image/jpeg", "filesize": "370536", "width": "800", "height": "800", "styles": {"product_full": "https://cdn3.matsmart.se/sites/se/files/styles/product_full/public/products/apple_kanel_chia_protein_flingor_risenta_0.jpg?itok=iUzRxyil", "product_full_2x": "https://cdn3.matsmart.se/sites/se/files/styles/product_full_2x/public/products/apple_kanel_chia_protein_flingor_risenta_0.jpg?itok=H4CGaaAm", "product_teaser": "https://cdn3.matsmart.se/sites/se/files/styles/product_teaser/public/products/apple_kanel_chia_protein_flingor_risenta_0.jpg?itok=o3Ma3XGr", "product_teaser_2x": "https://cdn3.matsmart.se/sites/se/files/styles/product_teaser_2x/public/products/apple_kanel_chia_protein_flingor_risenta_0.jpg?itok=xdDj_Itl", "product_zoom": "https://cdn3.matsmart.se/sites/se/files/styles/product_zoom/public/products/apple_kanel_chia_protein_flingor_risenta_0.jpg?itok=tsgQHJRT"}}], "max_purchase": "", "prices": {"comparison_price": "59,37 kr/kg", "price": {"amount": "1900", "currency_code": "SEK", "data": {"components": []}}, "old_price": {"amount": "3490", "currency_code": "SEK", "data": {"components": []}}, "price_table": {"amount": "1500", "currency_code": "SEK", "min_qty": "3", "max_qty": "-1", "data": {"components": []}}}, "size": "320g", "status": "1", "stock": 0, "vat_rate": "se_intermediate", "volume": {"length": "22.00000", "width": "19.00000", "height": "6.00000", "unit": "cm"}, "weight": {"weight": "386.00000", "unit": "g"}, "product_category": null, "suppliers": [], "seasonal_themes": []}], "published": "0", "status": "0", "sticky": "0", "tags": []}, {"id": "77241", "label": "Hel L\u00e5da Proteinbars \"Chia Nuts & Lemon\" 10 x 40g", "self": "https://api.matsmart.se/api/v1.0/product-displays/77241", "brand": "12426", "brand_name": "SoPure", "categories": ["566"], "created": "1513935984", "exclude_from_list": null, "product_info": "Hel l\u00e5da - 10 proteinbars - med 20 procent protein. Vegansk samt fri fr\u00e5n laktos och gluten. Med smak av chia, mandlar, cashewn\u00f6tter och citron. \u00a0\u00a0", "market": "SE", "products": [{"id": "24951", "label": "10-pack fruit-nut prote\u00efn bar lemon-chia 40g", "self": "https://api.matsmart.se/api/v1.0/products/24951", "best_before": "1519686000", "product_contents": [{"id": "89001", "self": "https://cdn2.matsmart.se/sites/se/files/product_contents/proteinbars_o_innehall.jpg", "filemime": "image/jpeg", "filesize": "204416", "width": "800", "height": "800", "styles": ""}], "sku": "MS100500", "gtin": "8713031024182", "images": [{"id": "88996", "self": "https://cdn3.matsmart.se/sites/se/files/products/proteinbars_o.jpg", "filemime": "image/jpeg", "filesize": "289405", "width": "800", "height": "800", "styles": {"product_full": "https://cdn3.matsmart.se/sites/se/files/styles/product_full/public/products/proteinbars_o.jpg?itok=xIYe5JJ9", "product_full_2x": "https://cdn3.matsmart.se/sites/se/files/styles/product_full_2x/public/products/proteinbars_o.jpg?itok=gydZ3BrA", "product_teaser": "https://cdn3.matsmart.se/sites/se/files/styles/product_teaser/public/products/proteinbars_o.jpg?itok=Z558WzNl", "product_teaser_2x": "https://cdn3.matsmart.se/sites/se/files/styles/product_teaser_2x/public/products/proteinbars_o.jpg?itok=Wg6SdOEY", "product_zoom": "https://cdn3.matsmart.se/sites/se/files/styles/product_zoom/public/products/proteinbars_o.jpg?itok=YZyvD9j1"}}], "max_purchase": "", "prices": {"comparison_price": "147,50 kr/kg", "price": {"amount": "5900", "currency_code": "SEK", "data": {"components": []}}, "old_price": {"amount": "16900", "currency_code": "SEK", "data": {"components": []}}}, "size": "10 x 40g", "status": "1", "stock": 0, "vat_rate": "se_intermediate", "volume": {"length": "19.50000", "width": "16.00000", "height": "4.00000", "unit": "cm"}, "weight": {"weight": "506.00000", "unit": "g"}, "product_category": null, "suppliers": [], "seasonal_themes": []}], "published": "0", "status": "0", "sticky": "0", "tags": []}, {"id": "77781", "label": "Fruktbars \"Blueberries & Quinoa\" 2 x 30g", "self": "https://api.matsmart.se/api/v1.0/product-displays/77781", "brand": "12426", "brand_name": "SoPure", "categories": [], "created": "1514464013", "exclude_from_list": null, "product_info": "Glutenfria, smarriga bars baserade p\u00e5 quinoa och torkad frukt. Inneh\u00e5ller en h\u00f6g andel fibrer, h\u00e4r med smak av bl\u00e5b\u00e4r! Inneh\u00e5ller 2 stycken bars.", "market": "SE", "products": [{"id": "25111", "label": "Blueberry + quinoa seed bar", "self": "https://api.matsmart.se/api/v1.0/products/25111", "best_before": "1515106800", "product_contents": [{"id": "89876", "self": "https://cdn3.matsmart.se/sites/se/files/product_contents/fruktbars_blabar_innehall.jpg", "filemime": "image/jpeg", "filesize": "488125", "width": "800", "height": "800", "styles": ""}], "sku": "MS100531", "gtin": "8713031774438", "images": [{"id": "89871", "self": "https://cdn3.matsmart.se/sites/se/files/products/fruktbars_blabar.jpg", "filemime": "image/jpeg", "filesize": "281180", "width": "800", "height": "800", "styles": {"product_full": "https://cdn3.matsmart.se/sites/se/files/styles/product_full/public/products/fruktbars_blabar.jpg?itok=8Xi35RqS", "product_full_2x": "https://cdn3.matsmart.se/sites/se/files/styles/product_full_2x/public/products/fruktbars_blabar.jpg?itok=EwntYHjV", "product_teaser": "https://cdn3.matsmart.se/sites/se/files/styles/product_teaser/public/products/fruktbars_blabar.jpg?itok=Y4zhwMFP", "product_teaser_2x": "https://cdn3.matsmart.se/sites/se/files/styles/product_teaser_2x/public/products/fruktbars_blabar.jpg?itok=3GvhjoC_", "product_zoom": "https://cdn3.matsmart.se/sites/se/files/styles/product_zoom/public/products/fruktbars_blabar.jpg?itok=-w688hGE"}}], "max_purchase": "", "prices": {"comparison_price": "166,67 kr/kg", "price": {"amount": "1000", "currency_code": "SEK", "data": {"components": []}}, "old_price": {"amount": "3690", "currency_code": "SEK", "data": {"components": []}}, "price_table": {"amount": "500", "currency_code": "SEK", "min_qty": "12", "max_qty": "-1", "data": {"components": []}}}, "size": "2 x 30g", "status": "1", "stock": 0, "vat_rate": "se_intermediate", "volume": {"length": "8.00000", "width": "2.00000", "height": "15.00000", "unit": "cm"}, "weight": {"weight": "82.00000", "unit": "g"}, "product_category": null, "suppliers": [], "seasonal_themes": []}], "published": "0", "status": "0", "sticky": "0", "tags": ["9398"]}, {"id": "78026", "label": "Eko Tortillachips \"Chia Seed\" 135g", "self": "https://api.matsmart.se/api/v1.0/product-displays/78026", "brand": "12526", "brand_name": "Mister Free'd", "categories": ["15006"], "created": "1559545162", "exclude_from_list": null, "product_info": "Glutenfria tortillachips h\u00e4r med chiafr\u00f6n. Perfekt till tacosen eller att \u00e4tas som dem \u00e4r!\u00a0", "market": "SE", "products": [{"id": "25186", "label": "Tortilla chips Chia sesam", "self": "https://api.matsmart.se/api/v1.0/products/25186", "best_before": "1560463200", "product_contents": [{"id": "246751", "self": "https://cdn2.matsmart.se/sites/se/files/product_contents/mister_freed_tortilla_chips_chia_seed_innehall_ny.jpg", "filemime": "image/jpeg", "filesize": "338929", "width": "800", "height": "800", "styles": ""}], "sku": "MS100545", "gtin": "5060367450493", "images": [{"id": "246746", "self": "https://cdn1.matsmart.se/sites/se/files/products/mister_freed_tortillachips_chia_seed_ny.jpg", "filemime": "image/jpeg", "filesize": "371912", "width": "800", "height": "800", "styles": {"product_full": "https://cdn1.matsmart.se/sites/se/files/styles/product_full/public/products/mister_freed_tortillachips_chia_seed_ny.jpg?itok=EzOasCAO", "product_full_2x": "https://cdn1.matsmart.se/sites/se/files/styles/product_full_2x/public/products/mister_freed_tortillachips_chia_seed_ny.jpg?itok=swY3Jpl4", "product_teaser": "https://cdn1.matsmart.se/sites/se/files/styles/product_teaser/public/products/mister_freed_tortillachips_chia_seed_ny.jpg?itok=r1-vTDM1", "product_teaser_2x": "https://cdn1.matsmart.se/sites/se/files/styles/product_teaser_2x/public/products/mister_freed_tortillachips_chia_seed_ny.jpg?itok=wqv_swsj", "product_zoom": "https://cdn1.matsmart.se/sites/se/files/styles/product_zoom/public/products/mister_freed_tortillachips_chia_seed_ny.jpg?itok=oyqN9EXy"}}], "max_purchase": "", "prices": {"comparison_price": "74,07 kr/kg", "price": {"amount": "1000", "currency_code": "SEK", "data": {"components": []}}, "old_price": {"amount": "2800", "currency_code": "SEK", "data": {"components": []}}}, "size": "135g", "status": "1", "stock": 0, "vat_rate": "se_intermediate", "volume": {"length": "23.50000", "width": "16.00000", "height": "5.50000", "unit": "cm"}, "weight": {"weight": "144.00000", "unit": "g"}, "product_category": null, "suppliers": [], "seasonal_themes": []}], "published": "0", "status": "0", "sticky": "0", "tags": ["679", "9398"]}, {"id": "7805", "label": "Chiafr\u00f6n Vita 750g", "self": "https://api.matsmart.se/api/v1.0/product-displays/7805", "brand": "534", "brand_name": "Risenta", "categories": [], "created": "1497430524", "exclude_from_list": null, "product_info": "N\u00e4ringsrika chiafr\u00f6n som har ett h\u00f6gt v\u00e4rde protein och fiber. Grymt att str\u00f6ssla \u00f6ver flingorna, gr\u00f6ten eller yoghurten!\u00a0", "market": "SE", "products": [{"id": "7279", "label": "UTG\u00c5ENDE CHIAFR\u00d6 VITA 750 G", "self": "https://api.matsmart.se/api/v1.0/products/7279", "best_before": "1507154400", "product_contents": [{"id": "19893", "self": "https://cdn1.matsmart.se/sites/se/files/product_contents/chiafron_inehall.jpg", "filemime": "image/jpeg", "filesize": "310742", "width": "800", "height": "800", "styles": ""}], "sku": "7312631570481", "gtin": "7312631570481", "images": [{"id": "14692", "self": "https://cdn3.matsmart.se/sites/se/files/products/chiafron_vita_750g_risenta.jpg", "filemime": "image/jpeg", "filesize": "191002", "width": "751", "height": "751", "styles": {"product_full": "https://cdn3.matsmart.se/sites/se/files/styles/product_full/public/products/chiafron_vita_750g_risenta.jpg?itok=RJOsSR2W", "product_full_2x": "https://cdn3.matsmart.se/sites/se/files/styles/product_full_2x/public/products/chiafron_vita_750g_risenta.jpg?itok=CSP3etrZ", "product_teaser": "https://cdn3.matsmart.se/sites/se/files/styles/product_teaser/public/products/chiafron_vita_750g_risenta.jpg?itok=o3ccVZaa", "product_teaser_2x": "https://cdn3.matsmart.se/sites/se/files/styles/product_teaser_2x/public/products/chiafron_vita_750g_risenta.jpg?itok=OHXgetwM", "product_zoom": "https://cdn3.matsmart.se/sites/se/files/styles/product_zoom/public/products/chiafron_vita_750g_risenta.jpg?itok=RjbiKL1o"}}], "max_purchase": "", "prices": {"comparison_price": "78,67 kr/kg", "price": {"amount": "5900", "currency_code": "SEK", "data": {"components": []}}, "old_price": {"amount": "13900", "currency_code": "SEK", "data": {"components": []}}}, "size": "750g", "status": "1", "stock": 0, "vat_rate": "se_intermediate", "volume": {"length": "28.00000", "width": "16.00000", "height": "5.00000", "unit": "cm"}, "weight": {"weight": "777.00000", "unit": "g"}, "product_category": null, "suppliers": [], "seasonal_themes": []}], "published": "0", "status": "0", "sticky": "0", "tags": []}, {"id": "78536", "label": "Quinoa 200g", "self": "https://api.matsmart.se/api/v1.0/product-displays/78536", "brand": "639", "brand_name": "Zeta", "categories": [], "created": "1515508033", "exclude_from_list": null, "product_info": "Ekologisk quinoa med endast 5 minuter l\u00e5ng koktid. Passar utm\u00e4rkt till varmr\u00e4tter, i grytor eller matiga sallader.", "market": "SE", "products": [{"id": "25326", "label": "Zeta Quinoa 5 min Ekologisk", "self": "https://api.matsmart.se/api/v1.0/products/25326", "best_before": "1526335200", "product_contents": [{"id": "93511", "self": "https://cdn1.matsmart.se/sites/se/files/product_contents/quinoa_200g.jpg_innehall.png", "filemime": "image/png", "filesize": "26898", "width": "327", "height": "258", "styles": ""}], "sku": "MS100573", "gtin": "7350002408988", "images": [{"id": "93506", "self": "https://cdn4.matsmart.se/sites/se/files/products/quinoa_200g.jpg", "filemime": "image/jpeg", "filesize": "237964", "width": "800", "height": "800", "styles": {"product_full": "https://cdn4.matsmart.se/sites/se/files/styles/product_full/public/products/quinoa_200g.jpg?itok=G2VzJpGA", "product_full_2x": "https://cdn4.matsmart.se/sites/se/files/styles/product_full_2x/public/products/quinoa_200g.jpg?itok=i6s2nF7Y", "product_teaser": "https://cdn4.matsmart.se/sites/se/files/styles/product_teaser/public/products/quinoa_200g.jpg?itok=YtXuMvIZ", "product_teaser_2x": "https://cdn4.matsmart.se/sites/se/files/styles/product_teaser_2x/public/products/quinoa_200g.jpg?itok=YfSPLvsi", "product_zoom": "https://cdn4.matsmart.se/sites/se/files/styles/product_zoom/public/products/quinoa_200g.jpg?itok=_4Z4UOCy"}}], "max_purchase": "", "prices": {"comparison_price": "100,00 kr/kg", "price": {"amount": "2000", "currency_code": "SEK", "data": {"components": []}}, "old_price": {"amount": "2890", "currency_code": "SEK", "data": {"components": []}}}, "size": "200g", "status": "1", "stock": 0, "vat_rate": "se_intermediate", "volume": {"length": "15.50000", "width": "10.00000", "height": "6.00000", "unit": "cm"}, "weight": {"weight": "208.00000", "unit": "g"}, "product_category": null, "suppliers": [], "seasonal_themes": []}], "published": "0", "status": "0", "sticky": "0", "tags": ["679"]}, {"id": "81846", "label": "Quinoafr\u00f6n R\u00f6da 300g", "self": "https://api.matsmart.se/api/v1.0/product-displays/81846", "brand": "12611", "brand_name": "House of Originals", "categories": [], "created": "1517213362", "exclude_from_list": null, "product_info": "Ekologiska samt glutenfria r\u00f6da quinoafr\u00f6n! Passar utm\u00e4rkt att ha i salladen eller att ers\u00e4tta ris, couscous och pasta.\u00a0", "market": "SE", "products": [{"id": "26401", "label": "House of originals R\u00f6d quinoa i p\u00e5se 300 g", "self": "https://api.matsmart.se/api/v1.0/products/26401", "best_before": "1527717600", "product_contents": [{"id": "99201", "self": "https://cdn1.matsmart.se/sites/se/files/product_contents/red_quinoa_innehall.jpg", "filemime": "image/jpeg", "filesize": "260727", "width": "800", "height": "800", "styles": ""}], "sku": "MS100789", "gtin": "5710558001163", "images": [{"id": "99196", "self": "https://cdn2.matsmart.se/sites/se/files/products/red_quinoa.jpg", "filemime": "image/jpeg", "filesize": "273042", "width": "800", "height": "800", "styles": {"product_full": "https://cdn2.matsmart.se/sites/se/files/styles/product_full/public/products/red_quinoa.jpg?itok=AvIhuq7z", "product_full_2x": "https://cdn2.matsmart.se/sites/se/files/styles/product_full_2x/public/products/red_quinoa.jpg?itok=n_WSplmR", "product_teaser": "https://cdn2.matsmart.se/sites/se/files/styles/product_teaser/public/products/red_quinoa.jpg?itok=zUdosnlP", "product_teaser_2x": "https://cdn2.matsmart.se/sites/se/files/styles/product_teaser_2x/public/products/red_quinoa.jpg?itok=SqUR1eZr", "product_zoom": "https://cdn2.matsmart.se/sites/se/files/styles/product_zoom/public/products/red_quinoa.jpg?itok=rHsCo9Kh"}}], "max_purchase": "", "prices": {"comparison_price": "63,33 kr/kg", "price": {"amount": "1900", "currency_code": "SEK", "data": {"components": []}}, "old_price": {"amount": "3500", "currency_code": "SEK", "data": {"components": []}}}, "size": "300g", "status": "1", "stock": 0, "vat_rate": "se_intermediate", "volume": {"length": "16.00000", "width": "11.00000", "height": "4.00000", "unit": "cm"}, "weight": {"weight": "303.00000", "unit": "g"}, "product_category": null, "suppliers": [], "seasonal_themes": []}], "published": "0", "status": "0", "sticky": "0", "tags": ["679", "9398"]}, {"id": "81906", "label": "Chiafr\u00f6n 300g", "self": "https://api.matsmart.se/api/v1.0/product-displays/81906", "brand": "12611", "brand_name": "House of Originals", "categories": [], "created": "1515686401", "exclude_from_list": null, "product_info": "Ekologiska chiafr\u00f6n, laddade med protein och nyttiga fetter. Testa att anv\u00e4nda i bakverk eller varf\u00f6r inte blanda ner i frukostyoghurten!", "market": "SE", "products": [{"id": "26421", "label": "House of Originals Chiafr\u00f6n i p\u00e5se 300g", "self": "https://api.matsmart.se/api/v1.0/products/26421", "best_before": "1543705200", "product_contents": [{"id": "98656", "self": "https://cdn1.matsmart.se/sites/se/files/product_contents/chiafron_300g_innehall.jpg", "filemime": "image/jpeg", "filesize": "331603", "width": "800", "height": "800", "styles": ""}], "sku": "MS100793", "gtin": "5710558001095", "images": [{"id": "98651", "self": "https://cdn2.matsmart.se/sites/se/files/products/chiafron_300g.jpg", "filemime": "image/jpeg", "filesize": "361262", "width": "800", "height": "800", "styles": {"product_full": "https://cdn2.matsmart.se/sites/se/files/styles/product_full/public/products/chiafron_300g.jpg?itok=rSrICzUA", "product_full_2x": "https://cdn2.matsmart.se/sites/se/files/styles/product_full_2x/public/products/chiafron_300g.jpg?itok=ulohV6lT", "product_teaser": "https://cdn2.matsmart.se/sites/se/files/styles/product_teaser/public/products/chiafron_300g.jpg?itok=2EU9ZkeE", "product_teaser_2x": "https://cdn2.matsmart.se/sites/se/files/styles/product_teaser_2x/public/products/chiafron_300g.jpg?itok=X5jQTROa", "product_zoom": "https://cdn2.matsmart.se/sites/se/files/styles/product_zoom/public/products/chiafron_300g.jpg?itok=tuQCnQHs"}}], "max_purchase": "", "prices": {"comparison_price": "96,67 kr/kg", "price": {"amount": "2900", "currency_code": "SEK", "data": {"components": []}}, "old_price": {"amount": "4500", "currency_code": "SEK", "data": {"components": []}}}, "size": "300g", "status": "1", "stock": 0, "vat_rate": "se_intermediate", "volume": {"length": "11.00000", "width": "4.00000", "height": "15.00000", "unit": "cm"}, "weight": {"weight": "302.00000", "unit": "g"}, "product_category": null, "suppliers": [], "seasonal_themes": []}], "published": "0", "status": "0", "sticky": "0", "tags": ["679"]}, {"id": "85536", "label": "Eko Chiafr\u00f6n 750g", "self": "https://api.matsmart.se/api/v1.0/product-displays/85536", "brand": "9917", "brand_name": "Superfruit", "categories": ["14956"], "created": "1533040183", "exclude_from_list": null, "product_info": "Ekologiska chiafr\u00f6n rika p\u00e5 Omega 3, fibrer, protein, antioxidanter och mineraler som kalcium, magnesium, j\u00e4rn och fosfor. Blanda ner i smoothie eller g\u00f6r en smarrig chiapudding!", "market": "SE", "products": [{"id": "27576", "label": "Superfruit Chia Seeds 750g EU EKO", "self": "https://api.matsmart.se/api/v1.0/products/27576", "best_before": "1572649200", "product_contents": [{"id": "101521", "self": "https://cdn3.matsmart.se/sites/se/files/product_contents/chiafron_750g_innehall.png", "filemime": "image/png", "filesize": "554751", "width": "663", "height": "659", "styles": ""}], "sku": "MS101023", "gtin": "7350039930681", "images": [{"id": "123046", "self": "https://cdn3.matsmart.se/sites/se/files/products/super_fruit_chiafron_750g.jpg", "filemime": "image/jpeg", "filesize": "266454", "width": "800", "height": "800", "styles": {"product_full": "https://cdn3.matsmart.se/sites/se/files/styles/product_full/public/products/super_fruit_chiafron_750g.jpg?itok=Qnb6hYSh", "product_full_2x": "https://cdn3.matsmart.se/sites/se/files/styles/product_full_2x/public/products/super_fruit_chiafron_750g.jpg?itok=BQOwEK2l", "product_teaser": "https://cdn3.matsmart.se/sites/se/files/styles/product_teaser/public/products/super_fruit_chiafron_750g.jpg?itok=1qFKbDah", "product_teaser_2x": "https://cdn3.matsmart.se/sites/se/files/styles/product_teaser_2x/public/products/super_fruit_chiafron_750g.jpg?itok=GoDFS98n", "product_zoom": "https://cdn3.matsmart.se/sites/se/files/styles/product_zoom/public/products/super_fruit_chiafron_750g.jpg?itok=5WvYkJiO"}}], "max_purchase": "", "prices": {"comparison_price": "132,00 kr/kg", "price": {"amount": "9900", "currency_code": "SEK", "data": {"components": []}}, "old_price": {"amount": "19900", "currency_code": "SEK", "data": {"components": []}}}, "size": "750 g", "status": "1", "stock": 0, "vat_rate": "se_intermediate", "volume": {"length": "27.00000", "width": "18.00000", "height": "8.00000", "unit": "cm"}, "weight": {"weight": "770.00000", "unit": "g"}, "product_category": null, "suppliers": [], "seasonal_themes": []}], "published": "0", "status": "0", "sticky": "0", "tags": ["679"]}, {"id": "85836", "label": "Kn\u00e4ckebr\u00f6d Chiafr\u00f6n 200g", "self": "https://api.matsmart.se/api/v1.0/product-displays/85836", "brand": "12886", "brand_name": "Clean Eating", "categories": [], "created": "1519305748", "exclude_from_list": null, "product_info": "Krispigt, ekologiskt kn\u00e4ckebr\u00f6d som \u00e4r rikt p\u00e5 Omega-3 och protein. Passar lika bra till frukosten om till ostbrickan.", "market": "SE", "products": [{"id": "27676", "label": "Kn\u00e4ckebr\u00f6d Chia 200g", "self": "https://api.matsmart.se/api/v1.0/products/27676", "best_before": "1559944800", "product_contents": [{"id": "107976", "self": "https://cdn1.matsmart.se/sites/se/files/product_contents/knackebrod_chiafron_200g_innehall.png", "filemime": "image/png", "filesize": "262264", "width": "631", "height": "315", "styles": ""}], "sku": "MS101043", "gtin": "7350072260134", "images": [{"id": "107981", "self": "https://cdn2.matsmart.se/sites/se/files/products/knackebrod_chiafron_200g.jpg", "filemime": "image/jpeg", "filesize": "357511", "width": "800", "height": "800", "styles": {"product_full": "https://cdn2.matsmart.se/sites/se/files/styles/product_full/public/products/knackebrod_chiafron_200g.jpg?itok=apaWHvfN", "product_full_2x": "https://cdn2.matsmart.se/sites/se/files/styles/product_full_2x/public/products/knackebrod_chiafron_200g.jpg?itok=DO_rKtqo", "product_teaser": "https://cdn2.matsmart.se/sites/se/files/styles/product_teaser/public/products/knackebrod_chiafron_200g.jpg?itok=gIJkz5V4", "product_teaser_2x": "https://cdn2.matsmart.se/sites/se/files/styles/product_teaser_2x/public/products/knackebrod_chiafron_200g.jpg?itok=vjvxD3dB", "product_zoom": "https://cdn2.matsmart.se/sites/se/files/styles/product_zoom/public/products/knackebrod_chiafron_200g.jpg?itok=-a36Lml5"}}], "max_purchase": "", "prices": {"comparison_price": "245,00 kr/kg", "price": {"amount": "4900", "currency_code": "SEK", "data": {"components": []}}, "old_price": {"amount": "6990", "currency_code": "SEK", "data": {"components": []}}}, "size": "200g", "status": "1", "stock": 0, "vat_rate": "se_intermediate", "volume": {"length": "17.50000", "width": "17.50000", "height": "4.50000", "unit": "cm"}, "weight": {"weight": "216.00000", "unit": "g"}, "product_category": null, "suppliers": [], "seasonal_themes": []}], "published": "0", "status": "0", "sticky": "0", "tags": ["679"]}, {"id": "85971", "label": "Eko Boveteflingor 300g", "self": "https://api.matsmart.se/api/v1.0/product-displays/85971", "brand": "9186", "brand_name": "Biofood", "categories": ["14951"], "created": "1544428780", "exclude_from_list": null, "product_info": "Ekologiska samt glutenfria boveteflingor, perfekt till gr\u00f6ten eller till bakningen!\u00a0", "market": "SE", "products": [{"id": "27721", "label": "Eko Biofood Boveteflingor 300g", "self": "https://api.matsmart.se/api/v1.0/products/27721", "best_before": "1548630000", "product_contents": [{"id": "115306", "self": "https://cdn2.matsmart.se/sites/se/files/product_contents/biofood_bovete_flingor_innehall.jpg", "filemime": "image/jpeg", "filesize": "350445", "width": "800", "height": "800", "styles": ""}], "sku": "MS101052", "gtin": "7330137014667", "images": [{"id": "115301", "self": "https://cdn4.matsmart.se/sites/se/files/products/biofood_bovete_flingor.jpg", "filemime": "image/jpeg", "filesize": "189059", "width": "800", "height": "800", "styles": {"product_full": "https://cdn4.matsmart.se/sites/se/files/styles/product_full/public/products/biofood_bovete_flingor.jpg?itok=Wj9IkOGp", "product_full_2x": "https://cdn4.matsmart.se/sites/se/files/styles/product_full_2x/public/products/biofood_bovete_flingor.jpg?itok=2-b4t-jv", "product_teaser": "https://cdn4.matsmart.se/sites/se/files/styles/product_teaser/public/products/biofood_bovete_flingor.jpg?itok=WjBLYhUj", "product_teaser_2x": "https://cdn4.matsmart.se/sites/se/files/styles/product_teaser_2x/public/products/biofood_bovete_flingor.jpg?itok=3_6-FPbI", "product_zoom": "https://cdn4.matsmart.se/sites/se/files/styles/product_zoom/public/products/biofood_bovete_flingor.jpg?itok=06P7ceZn"}}], "max_purchase": "", "prices": {"comparison_price": "96,67 kr/kg", "price": {"amount": "1500", "currency_code": "SEK", "data": {"components": []}}, "old_price": {"amount": "2390", "currency_code": "SEK", "data": {"components": []}}}, "size": "300g", "status": "1", "stock": 0, "vat_rate": "se_intermediate", "volume": {"length": "14.00000", "width": "10.00000", "height": "6.00000", "unit": "cm"}, "weight": {"weight": "310.00000", "unit": "g"}, "product_category": null, "suppliers": [], "seasonal_themes": []}], "published": "0", "status": "0", "sticky": "0", "tags": ["679", "9398"]}, {"id": "87346", "label": "Quinoachips \"Sundried Tomato & Garlic\" 30g", "self": "https://api.matsmart.se/api/v1.0/product-displays/87346", "brand": "12926", "brand_name": "Eat Real", "categories": [], "created": "1519800992", "exclude_from_list": null, "product_info": "Chips gjorda p\u00e5 quinoa-mj\u00f6l och smaksatta med soltorkade tomater och rostad vitl\u00f6k. L\u00e4mpliga f\u00f6r veganer!", "market": "SE", "products": [{"id": "28156", "label": "Quinoa vitl\u00f6k tomat 30g", "self": "https://api.matsmart.se/api/v1.0/products/28156", "best_before": "1523743200", "product_contents": [{"id": "109541", "self": "https://cdn3.matsmart.se/sites/se/files/product_contents/quinoachips_innehall.jpg", "filemime": "image/jpeg", "filesize": "308792", "width": "800", "height": "800", "styles": ""}, {"id": "109546", "self": "https://cdn2.matsmart.se/sites/se/files/product_contents/quinoachips_naring.jpg", "filemime": "image/jpeg", "filesize": "429416", "width": "908", "height": "1272", "styles": ""}], "sku": "MS101137", "gtin": "5026489484778", "images": [{"id": "109536", "self": "https://cdn2.matsmart.se/sites/se/files/products/quinoachips.jpg", "filemime": "image/jpeg", "filesize": "243855", "width": "800", "height": "800", "styles": {"product_full": "https://cdn2.matsmart.se/sites/se/files/styles/product_full/public/products/quinoachips.jpg?itok=Fz5lHM4s", "product_full_2x": "https://cdn2.matsmart.se/sites/se/files/styles/product_full_2x/public/products/quinoachips.jpg?itok=IYguJlHT", "product_teaser": "https://cdn2.matsmart.se/sites/se/files/styles/product_teaser/public/products/quinoachips.jpg?itok=MO2Mvkb6", "product_teaser_2x": "https://cdn2.matsmart.se/sites/se/files/styles/product_teaser_2x/public/products/quinoachips.jpg?itok=Bic0-KKG", "product_zoom": "https://cdn2.matsmart.se/sites/se/files/styles/product_zoom/public/products/quinoachips.jpg?itok=M0DRVrse"}}], "max_purchase": "", "prices": {"comparison_price": "333,33 kr/kg", "price": {"amount": "1000", "currency_code": "SEK", "data": {"components": []}}, "old_price": {"amount": "1500", "currency_code": "SEK", "data": {"components": []}}}, "size": "30g", "status": "1", "stock": 0, "vat_rate": "se_intermediate", "volume": {"length": "23.00000", "width": "15.00000", "height": "4.50000", "unit": "cm"}, "weight": {"weight": "46.00000", "unit": "g"}, "product_category": null, "suppliers": [], "seasonal_themes": []}], "published": "0", "status": "0", "sticky": "0", "tags": []}, {"id": "87391", "label": "Eko Quinoaburgarmix 200g", "self": "https://api.matsmart.se/api/v1.0/product-displays/87391", "brand": "534", "brand_name": "Risenta", "categories": ["14926"], "created": "1545982772", "exclude_from_list": null, "product_info": "Matmix som ger smarriga, ekologiska och veganska quinoaburgare! Burgarna \u00e4r 100 procent naturliga och best\u00e5r av m\u00e4ttande b\u00f6nor, \u00e4rtor och gryn i kombination med knapriga k\u00e4rnor och smakrika kryddor. Tills\u00e4tt endast vatten och servera med dina favorit tillbeh\u00f6r!", "market": "SE", "products": [{"id": "28171", "label": "QUINOABURGARE EKO 200G", "self": "https://api.matsmart.se/api/v1.0/products/28171", "best_before": "1539900000", "product_contents": [{"id": "103031", "self": "https://cdn1.matsmart.se/sites/se/files/product_contents/quinoaburgarmix_200g_innehall.png", "filemime": "image/png", "filesize": "226404", "width": "175", "height": "692", "styles": ""}], "sku": "MS101140", "gtin": "7312631400351", "images": [{"id": "103026", "self": "https://cdn1.matsmart.se/sites/se/files/products/quinioaburgare_risenta_mix.jpg", "filemime": "image/jpeg", "filesize": "415396", "width": "800", "height": "800", "styles": {"product_full": "https://cdn1.matsmart.se/sites/se/files/styles/product_full/public/products/quinioaburgare_risenta_mix.jpg?itok=fO_Wks5d", "product_full_2x": "https://cdn1.matsmart.se/sites/se/files/styles/product_full_2x/public/products/quinioaburgare_risenta_mix.jpg?itok=qJm2WIgG", "product_teaser": "https://cdn1.matsmart.se/sites/se/files/styles/product_teaser/public/products/quinioaburgare_risenta_mix.jpg?itok=AZSqcT6g", "product_teaser_2x": "https://cdn1.matsmart.se/sites/se/files/styles/product_teaser_2x/public/products/quinioaburgare_risenta_mix.jpg?itok=uvoI7Vsi", "product_zoom": "https://cdn1.matsmart.se/sites/se/files/styles/product_zoom/public/products/quinioaburgare_risenta_mix.jpg?itok=T50Zkrqx"}}], "max_purchase": "", "prices": {"comparison_price": "125,00 kr/kg", "price": {"amount": "2500", "currency_code": "SEK", "data": {"components": []}}, "old_price": {"amount": "4190", "currency_code": "SEK", "data": {"components": []}}, "price_table": {"amount": "1950", "currency_code": "SEK", "min_qty": "2", "max_qty": "-1", "data": {"components": []}}}, "size": "200g", "status": "1", "stock": 0, "vat_rate": "se_intermediate", "volume": {"length": "16.50000", "width": "11.50000", "height": "3.50000", "unit": "cm"}, "weight": {"weight": "226.00000", "unit": "g"}, "product_category": null, "suppliers": [], "seasonal_themes": []}], "published": "0", "status": "0", "sticky": "0", "tags": ["679", "15376"]}, {"id": "87591", "label": "Gr\u00f6t \"Chia & Coconut\" 225g", "self": "https://api.matsmart.se/api/v1.0/product-displays/87591", "brand": "1895", "brand_name": "Urtekram", "categories": [], "created": "1519808753", "exclude_from_list": null, "product_info": "Ekologisk, f\u00e4rdig chiagr\u00f6tmix med kokos och banan, bara att blanda med valfri v\u00e4tska. L\u00e5t sedan st\u00e5 i kylsk\u00e5p \u00f6ver natten innan den \u00e4r f\u00e4rdig att serveras.", "market": "SE", "products": [{"id": "28236", "label": "Urtekram 225g luomu Chia &amp; Coconut Puuro", "self": "https://api.matsmart.se/api/v1.0/products/28236", "best_before": "1517439600", "product_contents": [{"id": "109761", "self": "https://cdn4.matsmart.se/sites/se/files/product_contents/chia_kokosgrot_innehall.jpg", "filemime": "image/jpeg", "filesize": "1048521", "width": "992", "height": "1144", "styles": ""}], "sku": "MS101155", "gtin": "5765228123331", "images": [{"id": "109756", "self": "https://cdn3.matsmart.se/sites/se/files/products/chia_kokosgrot.jpg", "filemime": "image/jpeg", "filesize": "418296", "width": "800", "height": "800", "styles": {"product_full": "https://cdn3.matsmart.se/sites/se/files/styles/product_full/public/products/chia_kokosgrot.jpg?itok=cMWR0tvj", "product_full_2x": "https://cdn3.matsmart.se/sites/se/files/styles/product_full_2x/public/products/chia_kokosgrot.jpg?itok=pfEGk8B_", "product_teaser": "https://cdn3.matsmart.se/sites/se/files/styles/product_teaser/public/products/chia_kokosgrot.jpg?itok=6MsLTKMx", "product_teaser_2x": "https://cdn3.matsmart.se/sites/se/files/styles/product_teaser_2x/public/products/chia_kokosgrot.jpg?itok=yD98-XYE", "product_zoom": "https://cdn3.matsmart.se/sites/se/files/styles/product_zoom/public/products/chia_kokosgrot.jpg?itok=NE08i8tL"}}], "max_purchase": "", "prices": {"comparison_price": "84,44 kr/kg", "price": {"amount": "1900", "currency_code": "SEK", "data": {"components": []}}, "old_price": {"amount": "2600", "currency_code": "SEK", "data": {"components": []}}}, "size": "225g", "status": "1", "stock": 0, "vat_rate": "se_intermediate", "volume": {"length": "21.00000", "width": "12.00000", "height": "4.50000", "unit": "cm"}, "weight": {"weight": "224.00000", "unit": "g"}, "product_category": null, "suppliers": [], "seasonal_themes": []}], "published": "0", "status": "0", "sticky": "0", "tags": ["679"]}, {"id": "87666", "label": "Eko Gr\u00f6t \"Chia & Cocoa\" 225g", "self": "https://api.matsmart.se/api/v1.0/product-displays/87666", "brand": "1895", "brand_name": "Urtekram", "categories": ["14951"], "created": "1552045528", "exclude_from_list": null, "product_info": "Ekologisk samt glutenfri chiagr\u00f6t med kakao.", "market": "SE", "products": [{"id": "28261", "label": "Urtekram 225g luomu Chia &amp; Cocoa Puuro", "self": "https://api.matsmart.se/api/v1.0/products/28261", "best_before": "1556229600", "product_contents": [{"id": "161656", "self": "https://cdn2.matsmart.se/sites/se/files/product_contents/urtekram_chai_cocoa_innehall.jpg", "filemime": "image/jpeg", "filesize": "451025", "width": "800", "height": "800", "styles": ""}], "sku": "MS101160", "gtin": "5765228123355", "images": [{"id": "161651", "self": "https://cdn2.matsmart.se/sites/se/files/products/urtekram_chia_cocoa.jpg", "filemime": "image/jpeg", "filesize": "430323", "width": "800", "height": "800", "styles": {"product_full": "https://cdn2.matsmart.se/sites/se/files/styles/product_full/public/products/urtekram_chia_cocoa.jpg?itok=nKmfNTOM", "product_full_2x": "https://cdn2.matsmart.se/sites/se/files/styles/product_full_2x/public/products/urtekram_chia_cocoa.jpg?itok=33P5W5Si", "product_teaser": "https://cdn2.matsmart.se/sites/se/files/styles/product_teaser/public/products/urtekram_chia_cocoa.jpg?itok=Hmg2CHW1", "product_teaser_2x": "https://cdn2.matsmart.se/sites/se/files/styles/product_teaser_2x/public/products/urtekram_chia_cocoa.jpg?itok=X-iwrmo6", "product_zoom": "https://cdn2.matsmart.se/sites/se/files/styles/product_zoom/public/products/urtekram_chia_cocoa.jpg?itok=j70lcyY0"}}], "max_purchase": "", "prices": {"comparison_price": "111,11 kr/kg", "price": {"amount": "2500", "currency_code": "SEK", "data": {"components": []}}, "old_price": {"amount": "3990", "currency_code": "SEK", "data": {"components": []}}}, "size": "225g", "status": "1", "stock": 0, "vat_rate": "se_intermediate", "volume": {"length": "12.00000", "width": "5.00000", "height": "21.00000", "unit": "cm"}, "weight": {"weight": "236.00000", "unit": "g"}, "product_category": null, "suppliers": [], "seasonal_themes": []}], "published": "0", "status": "0", "sticky": "0", "tags": ["679", "9398"]}, {"id": "88661", "label": "Hel L\u00e5da Kaffedryck \"Latte Macchiato\" 12 x 250ml", "self": "https://api.matsmart.se/api/v1.0/product-displays/88661", "brand": "12857", "brand_name": "illy", "categories": ["566"], "created": "1557225117", "exclude_from_list": null, "product_info": "Kaffedryck med mj\u00f6lk gjord i italiensk stil. Totalt 12 drycker.", "market": "SE", "products": [{"id": "28571", "label": "Hel l\u00e5da Latte Machiato Illy", "self": "https://api.matsmart.se/api/v1.0/products/28571", "best_before": "1562104800", "product_contents": [{"id": "107131", "self": "https://cdn4.matsmart.se/sites/se/files/product_contents/illy_latte_innehall.jpg", "filemime": "image/jpeg", "filesize": "430740", "width": "800", "height": "800", "styles": ""}], "sku": "MS101225", "gtin": "5449000189004", "images": [{"id": "107126", "self": "https://cdn4.matsmart.se/sites/se/files/products/hl_illy_latte.jpg", "filemime": "image/jpeg", "filesize": "260712", "width": "800", "height": "800", "styles": {"product_full": "https://cdn4.matsmart.se/sites/se/files/styles/product_full/public/products/hl_illy_latte.jpg?itok=cilAIFo6", "product_full_2x": "https://cdn4.matsmart.se/sites/se/files/styles/product_full_2x/public/products/hl_illy_latte.jpg?itok=ZKB57R5b", "product_teaser": "https://cdn4.matsmart.se/sites/se/files/styles/product_teaser/public/products/hl_illy_latte.jpg?itok=G3T0uP9t", "product_teaser_2x": "https://cdn4.matsmart.se/sites/se/files/styles/product_teaser_2x/public/products/hl_illy_latte.jpg?itok=6LuSpB80", "product_zoom": "https://cdn4.matsmart.se/sites/se/files/styles/product_zoom/public/products/hl_illy_latte.jpg?itok=wkcGYtE6"}}], "max_purchase": "", "prices": {"comparison_price": "26,33 kr/l", "price": {"amount": "7900", "currency_code": "SEK", "data": {"components": []}}, "old_price": {"amount": "19900", "currency_code": "SEK", "data": {"components": []}}}, "size": "12 x 250ml", "status": "1", "stock": 0, "vat_rate": "se_intermediate", "volume": {"length": "25.00000", "width": "19.00000", "height": "17.00000", "unit": "cm"}, "weight": {"weight": "3500.00000", "unit": "g"}, "product_category": null, "suppliers": [], "seasonal_themes": []}], "published": "0", "status": "0", "sticky": "0", "tags": []}, {"id": "89251", "label": "Havregryn & R\u00e5gflingor \"Sportgryn\" 800g", "self": "https://api.matsmart.se/api/v1.0/product-displays/89251", "brand": "547", "brand_name": "Axa", "categories": ["14951"], "created": "1551428771", "exclude_from_list": null, "product_info": "Havregryn och r\u00e5gflingor i en grym kombination. Inneh\u00e5ller 100 procent fullkorn och ger en energirik start p\u00e5 dagen!", "market": "SE", "products": [{"id": "28766", "label": "AXA Sportgryn 800g", "self": "https://api.matsmart.se/api/v1.0/products/28766", "best_before": "1558994400", "product_contents": [{"id": "216761", "self": "https://cdn4.matsmart.se/sites/se/files/product_contents/axa_sportgryn_innehall_ny.jpg", "filemime": "image/jpeg", "filesize": "315478", "width": "800", "height": "800", "styles": ""}], "sku": "MS101262", "gtin": "7310130323201", "images": [{"id": "107071", "self": "https://cdn1.matsmart.se/sites/se/files/products/havregryn_ragflingor_22sportgryn22_800g_axa.jpg", "filemime": "image/jpeg", "filesize": "473644", "width": "800", "height": "800", "styles": {"product_full": "https://cdn1.matsmart.se/sites/se/files/styles/product_full/public/products/havregryn_ragflingor_22sportgryn22_800g_axa.jpg?itok=H7lLfA6Y", "product_full_2x": "https://cdn1.matsmart.se/sites/se/files/styles/product_full_2x/public/products/havregryn_ragflingor_22sportgryn22_800g_axa.jpg?itok=3KgC7H_t", "product_teaser": "https://cdn1.matsmart.se/sites/se/files/styles/product_teaser/public/products/havregryn_ragflingor_22sportgryn22_800g_axa.jpg?itok=fj5rDxk1", "product_teaser_2x": "https://cdn1.matsmart.se/sites/se/files/styles/product_teaser_2x/public/products/havregryn_ragflingor_22sportgryn22_800g_axa.jpg?itok=PYuvBs-s", "product_zoom": "https://cdn1.matsmart.se/sites/se/files/styles/product_zoom/public/products/havregryn_ragflingor_22sportgryn22_800g_axa.jpg?itok=YKQ3Xg5c"}}], "max_purchase": "", "prices": {"comparison_price": "18,75 kr/kg", "price": {"amount": "1500", "currency_code": "SEK", "data": {"components": []}}, "old_price": {"amount": "1895", "currency_code": "SEK", "data": {"components": []}}}, "size": "800 g", "status": "1", "stock": 0, "vat_rate": "se_intermediate", "volume": {"length": "19.00000", "width": "13.00000", "height": "7.50000", "unit": "cm"}, "weight": {"weight": "806.00000", "unit": "g"}, "product_category": null, "suppliers": [], "seasonal_themes": []}], "published": "0", "status": "0", "sticky": "0", "tags": []}, {"id": "91161", "label": "Havregryn Steel Cut 960g", "self": "https://api.matsmart.se/api/v1.0/product-displays/91161", "brand": "534", "brand_name": "Risenta", "categories": [], "created": "1519548601", "exclude_from_list": null, "product_info": "En p\u00e5se stel cut havregryn att g\u00f6ra din egen gr\u00f6t av. Traditionell Steel Cut Oat kommer ursprungligen fr\u00e5n USA och namnet kommer fr\u00e5n tillverkningsprocessen. Det \u00e4r stora st\u00e5lblad som hackar havrek\u00e4rnorna i tv\u00e5 eller tre delar vilket resulterar i den speciella texturen. Den klippta havren beh\u00e5ller mycket av sin konsistens \u00e4ven efter tillagning, vilket g\u00f6r att den f\u00e5r en fastare konsistens \u00e4n vanlig havregrynsgr\u00f6t.\u00a0", "market": "SE", "products": [{"id": "29376", "label": "GR\u00d6T STEEL CUT HAVRE 960g", "self": "https://api.matsmart.se/api/v1.0/products/29376", "best_before": "1533160800", "product_contents": [{"id": "109211", "self": "https://cdn4.matsmart.se/sites/se/files/product_contents/grot_havre960g_innehall.jpg", "filemime": "image/jpeg", "filesize": "414986", "width": "800", "height": "800", "styles": ""}], "sku": "MS101381", "gtin": "7312631470675", "images": [{"id": "121036", "self": "https://cdn2.matsmart.se/sites/se/files/products/grot_steel_cut_havre.jpg", "filemime": "image/jpeg", "filesize": "279397", "width": "800", "height": "800", "styles": {"product_full": "https://cdn2.matsmart.se/sites/se/files/styles/product_full/public/products/grot_steel_cut_havre.jpg?itok=0yOZnsa9", "product_full_2x": "https://cdn2.matsmart.se/sites/se/files/styles/product_full_2x/public/products/grot_steel_cut_havre.jpg?itok=OoVV1WZN", "product_teaser": "https://cdn2.matsmart.se/sites/se/files/styles/product_teaser/public/products/grot_steel_cut_havre.jpg?itok=f88o_GTr", "product_teaser_2x": "https://cdn2.matsmart.se/sites/se/files/styles/product_teaser_2x/public/products/grot_steel_cut_havre.jpg?itok=o6n78neg", "product_zoom": "https://cdn2.matsmart.se/sites/se/files/styles/product_zoom/public/products/grot_steel_cut_havre.jpg?itok=KUUoKD_5"}}], "max_purchase": "", "prices": {"comparison_price": "20,83 kr/kg", "price": {"amount": "2000", "currency_code": "SEK", "data": {"components": []}}, "old_price": {"amount": "3195", "currency_code": "SEK", "data": {"components": []}}}, "size": "960g", "status": "1", "stock": 0, "vat_rate": "se_intermediate", "volume": {"length": "28.00000", "width": "15.00000", "height": "5.00000", "unit": "cm"}, "weight": {"weight": "965.00000", "unit": "g"}, "product_category": null, "suppliers": [], "seasonal_themes": []}], "published": "0", "status": "0", "sticky": "0", "tags": []}, {"id": "91266", "label": "Eko Hel L\u00e5da Chia & Chaibitar 16 x 30g", "self": "https://api.matsmart.se/api/v1.0/product-displays/91266", "brand": "534", "brand_name": "Risenta", "categories": ["14956"], "created": "1540206336", "exclude_from_list": null, "product_info": "Hel l\u00e5da med 16 stycken ekologiska, kryddiga chia och chaibitar. 100% frukt och n\u00f6tter, inget tillsatt socker.\u00a0", "market": "SE", "products": [{"id": "29411", "label": "Hel L\u00e5da CHIA/CHAI BITAR  eko", "self": "https://api.matsmart.se/api/v1.0/products/29411", "best_before": "1536789600", "product_contents": [{"id": "109231", "self": "https://cdn4.matsmart.se/sites/se/files/product_contents/hel_lada_chia_chaibitar_innehall.jpg", "filemime": "image/jpeg", "filesize": "228871", "width": "800", "height": "800", "styles": ""}], "sku": "MS101388", "gtin": "47312631490480", "images": [{"id": "109226", "self": "https://cdn3.matsmart.se/sites/se/files/products/hel_lada_chia_chaibitar.jpg", "filemime": "image/jpeg", "filesize": "176871", "width": "800", "height": "800", "styles": {"product_full": "https://cdn3.matsmart.se/sites/se/files/styles/product_full/public/products/hel_lada_chia_chaibitar.jpg?itok=UPDu0bAC", "product_full_2x": "https://cdn3.matsmart.se/sites/se/files/styles/product_full_2x/public/products/hel_lada_chia_chaibitar.jpg?itok=lVNx9zLC", "product_teaser": "https://cdn3.matsmart.se/sites/se/files/styles/product_teaser/public/products/hel_lada_chia_chaibitar.jpg?itok=Q2t9m4QA", "product_teaser_2x": "https://cdn3.matsmart.se/sites/se/files/styles/product_teaser_2x/public/products/hel_lada_chia_chaibitar.jpg?itok=e7F2N73O", "product_zoom": "https://cdn3.matsmart.se/sites/se/files/styles/product_zoom/public/products/hel_lada_chia_chaibitar.jpg?itok=QQlSg1-7"}}], "max_purchase": "", "prices": {"comparison_price": "310,41 kr/kg", "price": {"amount": "5900", "currency_code": "SEK", "data": {"components": []}}, "old_price": {"amount": "29900", "currency_code": "SEK", "data": {"components": []}}}, "size": "16 x 30g", "status": "1", "stock": 0, "vat_rate": "se_intermediate", "volume": {"length": "27.00000", "width": "14.00000", "height": "4.00000", "unit": "cm"}, "weight": {"weight": "543.00000", "unit": "g"}, "product_category": null, "suppliers": [], "seasonal_themes": []}], "published": "0", "status": "0", "sticky": "0", "tags": ["679"]}, {"id": "91451", "label": "Havregryn 1kg", "self": "https://api.matsmart.se/api/v1.0/product-displays/91451", "brand": "9187", "brand_name": "Gyllenhammars", "categories": [], "created": "1519725204", "exclude_from_list": null, "product_info": "Stor f\u00f6rpackning med extra tunna och fina havregryn. Koktid: 2 minuter.", "market": "SE", "products": [{"id": "29471", "label": "Havregryn", "self": "https://api.matsmart.se/api/v1.0/products/29471", "best_before": "1525816800", "product_contents": [{"id": "109286", "self": "https://cdn1.matsmart.se/sites/se/files/product_contents/havregryn_gyllenhammars_innehall.png", "filemime": "image/png", "filesize": "63636", "width": "453", "height": "542", "styles": ""}], "sku": "MS101405", "gtin": "7310130321283", "images": [{"id": "109291", "self": "https://cdn1.matsmart.se/sites/se/files/products/havregryn_gyllenhammars.jpg", "filemime": "image/jpeg", "filesize": "322880", "width": "800", "height": "800", "styles": {"product_full": "https://cdn1.matsmart.se/sites/se/files/styles/product_full/public/products/havregryn_gyllenhammars.jpg?itok=LnANgNOr", "product_full_2x": "https://cdn1.matsmart.se/sites/se/files/styles/product_full_2x/public/products/havregryn_gyllenhammars.jpg?itok=vQ2yet1l", "product_teaser": "https://cdn1.matsmart.se/sites/se/files/styles/product_teaser/public/products/havregryn_gyllenhammars.jpg?itok=FDa8OXdV", "product_teaser_2x": "https://cdn1.matsmart.se/sites/se/files/styles/product_teaser_2x/public/products/havregryn_gyllenhammars.jpg?itok=fIc9bKKq", "product_zoom": "https://cdn1.matsmart.se/sites/se/files/styles/product_zoom/public/products/havregryn_gyllenhammars.jpg?itok=Id3c4vZ8"}}], "max_purchase": "", "prices": {"comparison_price": "10,00 kr/kg", "price": {"amount": "1000", "currency_code": "SEK", "data": {"components": []}}, "old_price": {"amount": "1490", "currency_code": "SEK", "data": {"components": []}}}, "size": "1kg", "status": "1", "stock": 0, "vat_rate": "se_intermediate", "volume": {"length": "13.00000", "width": "8.50000", "height": "24.50000", "unit": "cm"}, "weight": {"weight": "1050.00000", "unit": "g"}, "product_category": null, "suppliers": [], "seasonal_themes": []}], "published": "0", "status": "0", "sticky": "0", "tags": []}, {"id": "91466", "label": "Fiberhavregryn 1500g", "self": "https://api.matsmart.se/api/v1.0/product-displays/91466", "brand": null, "brand_name": "", "categories": [], "created": "1518796148", "exclude_from_list": null, "product_info": null, "market": "SE", "products": [{"id": "29476", "label": "Fiberhavregryn 1500g", "self": "https://api.matsmart.se/api/v1.0/products/29476", "best_before": null, "product_contents": [], "sku": "MS101406", "gtin": "", "images": [], "max_purchase": "", "prices": {"price": {"amount": "1000", "currency_code": "SEK", "data": {"components": []}}, "old_price": {"amount": "1690", "currency_code": "SEK", "data": {"components": []}}}, "size": null, "status": "1", "stock": 0, "vat_rate": "se_intermediate", "volume": {"length": "24.00000", "width": "15.50000", "height": "9.50000", "unit": "cm"}, "weight": {"weight": "1526.00000", "unit": "g"}, "product_category": null, "suppliers": [], "seasonal_themes": []}], "published": "0", "status": "0", "sticky": "0", "tags": []}, {"id": "95346", "label": "Oat Dream Chia + Kalcium 1L", "self": "https://api.matsmart.se/api/v1.0/product-displays/95346", "brand": null, "brand_name": "", "categories": [], "created": "1519833602", "exclude_from_list": null, "product_info": null, "market": "SE", "products": [{"id": "30721", "label": "Oat Dream Chia + Kalcium 1L", "self": "https://api.matsmart.se/api/v1.0/products/30721", "best_before": null, "product_contents": [], "sku": "MS101656", "gtin": "5425000191704", "images": [], "max_purchase": "", "prices": {"price": {"amount": "1500", "currency_code": "SEK", "data": {"components": []}}, "old_price": {"amount": "2495", "currency_code": "SEK", "data": {"components": []}}}, "size": null, "status": "1", "stock": 0, "vat_rate": "se_intermediate", "volume": null, "weight": {"weight": "0.00000", "unit": "g"}, "product_category": null, "suppliers": [], "seasonal_themes": []}], "published": "0", "status": "0", "sticky": "0", "tags": []}, {"id": "95716", "label": "Dryck \"Chia Birds\" 330ml", "self": "https://api.matsmart.se/api/v1.0/product-displays/95716", "brand": "13206", "brand_name": "Chia Birds", "categories": [], "created": "1521703978", "exclude_from_list": null, "product_info": "Ekologisk dryck baserad p\u00e5 mineralvatten, h\u00e4r med chiafr\u00f6n samt med smak av gr\u00f6nte, ingef\u00e4ra, lime och pepparmynta.\u00a0", "market": "SE", "products": [{"id": "30841", "label": "Chia Birds drink", "self": "https://api.matsmart.se/api/v1.0/products/30841", "best_before": "1527199200", "product_contents": [{"id": "118571", "self": "https://cdn1.matsmart.se/sites/se/files/product_contents/chia_birds_dryck_innehall.jpg", "filemime": "image/jpeg", "filesize": "572655", "width": "800", "height": "800", "styles": ""}], "sku": "MS101681", "gtin": "9120069180022", "images": [{"id": "118566", "self": "https://cdn4.matsmart.se/sites/se/files/products/chia_birds_dryck.jpg", "filemime": "image/jpeg", "filesize": "236682", "width": "800", "height": "800", "styles": {"product_full": "https://cdn4.matsmart.se/sites/se/files/styles/product_full/public/products/chia_birds_dryck.jpg?itok=wbSY18vT", "product_full_2x": "https://cdn4.matsmart.se/sites/se/files/styles/product_full_2x/public/products/chia_birds_dryck.jpg?itok=2h8d4Hbx", "product_teaser": "https://cdn4.matsmart.se/sites/se/files/styles/product_teaser/public/products/chia_birds_dryck.jpg?itok=Z5sHr7c-", "product_teaser_2x": "https://cdn4.matsmart.se/sites/se/files/styles/product_teaser_2x/public/products/chia_birds_dryck.jpg?itok=DKzZyAHl", "product_zoom": "https://cdn4.matsmart.se/sites/se/files/styles/product_zoom/public/products/chia_birds_dryck.jpg?itok=qd73ymE0"}}], "max_purchase": "", "prices": {"comparison_price": "45,45 kr/l", "price": {"amount": "1000", "currency_code": "SEK", "data": {"components": []}}, "old_price": {"amount": "2295", "currency_code": "SEK", "data": {"components": []}}}, "size": "330ml", "status": "1", "stock": 0, "vat_rate": "se_intermediate", "volume": {"length": "18.00000", "width": "5.50000", "height": "5.50000", "unit": "cm"}, "weight": {"weight": "366.00000", "unit": "g"}, "product_category": null, "suppliers": [], "seasonal_themes": []}], "published": "0", "status": "0", "sticky": "0", "tags": ["679"]}, {"id": "96196", "label": "Chiafr\u00f6n 250g", "self": "https://api.matsmart.se/api/v1.0/product-displays/96196", "brand": "12221", "brand_name": "This is nuts", "categories": [], "created": "1521552351", "exclude_from_list": null, "product_info": "Ekologiska chiafr\u00f6n, h\u00e4r utan tillsatser.\u00a0", "market": "SE", "products": [{"id": "31001", "label": "Kick-Ass Chia - 250g", "self": "https://api.matsmart.se/api/v1.0/products/31001", "best_before": "1544310000", "product_contents": [{"id": "117551", "self": "https://cdn1.matsmart.se/sites/se/files/product_contents/this_is_nuts_kick_ass_chia_innehall.jpg", "filemime": "image/jpeg", "filesize": "543000", "width": "800", "height": "800", "styles": ""}], "sku": "MS101711", "gtin": "7350069140425", "images": [{"id": "117546", "self": "https://cdn3.matsmart.se/sites/se/files/products/this_is_nuts_kick_ass_chia.jpg", "filemime": "image/jpeg", "filesize": "319768", "width": "800", "height": "800", "styles": {"product_full": "https://cdn3.matsmart.se/sites/se/files/styles/product_full/public/products/this_is_nuts_kick_ass_chia.jpg?itok=2pQXdMDI", "product_full_2x": "https://cdn3.matsmart.se/sites/se/files/styles/product_full_2x/public/products/this_is_nuts_kick_ass_chia.jpg?itok=6ddTOXgI", "product_teaser": "https://cdn3.matsmart.se/sites/se/files/styles/product_teaser/public/products/this_is_nuts_kick_ass_chia.jpg?itok=Rhsra4hf", "product_teaser_2x": "https://cdn3.matsmart.se/sites/se/files/styles/product_teaser_2x/public/products/this_is_nuts_kick_ass_chia.jpg?itok=oh1ywoR2", "product_zoom": "https://cdn3.matsmart.se/sites/se/files/styles/product_zoom/public/products/this_is_nuts_kick_ass_chia.jpg?itok=sRS_ErPO"}}], "max_purchase": "", "prices": {"comparison_price": "396,00 kr/kg", "price": {"amount": "5900", "currency_code": "SEK", "data": {"components": []}}, "old_price": {"amount": "11000", "currency_code": "SEK", "data": {"components": []}}}, "size": "250g", "status": "1", "stock": 0, "vat_rate": "se_intermediate", "volume": {"length": "12.00000", "width": "7.50000", "height": "23.50000", "unit": "cm"}, "weight": {"weight": "272.00000", "unit": "g"}, "product_category": null, "suppliers": [], "seasonal_themes": []}], "published": "0", "status": "0", "sticky": "0", "tags": ["679"]}, {"id": "96486", "label": "Rawbar \"Chia & Coconut\" 30g", "self": "https://api.matsmart.se/api/v1.0/product-displays/96486", "brand": "13161", "brand_name": "Roobar", "categories": [], "created": "1521452929", "exclude_from_list": null, "product_info": "Ekologisk samt glutenfri rawbar baserad p\u00e5 dadlar, kokos och chiafr\u00f6n.\u00a0", "market": "SE", "products": [{"id": "31096", "label": "Bars Chia Coconut", "self": "https://api.matsmart.se/api/v1.0/products/31096", "best_before": "1536271200", "product_contents": [{"id": "116091", "self": "https://cdn1.matsmart.se/sites/se/files/product_contents/roobar_chia_coconut_innehall.jpg", "filemime": "image/jpeg", "filesize": "243039", "width": "800", "height": "800", "styles": ""}], "sku": "MS101719", "gtin": "3800225477918", "images": [{"id": "116086", "self": "https://cdn2.matsmart.se/sites/se/files/products/roobar_chia_coconut.jpg", "filemime": "image/jpeg", "filesize": "212413", "width": "800", "height": "800", "styles": {"product_full": "https://cdn2.matsmart.se/sites/se/files/styles/product_full/public/products/roobar_chia_coconut.jpg?itok=DrX6Z9oA", "product_full_2x": "https://cdn2.matsmart.se/sites/se/files/styles/product_full_2x/public/products/roobar_chia_coconut.jpg?itok=njtrEs_2", "product_teaser": "https://cdn2.matsmart.se/sites/se/files/styles/product_teaser/public/products/roobar_chia_coconut.jpg?itok=e47odVyj", "product_teaser_2x": "https://cdn2.matsmart.se/sites/se/files/styles/product_teaser_2x/public/products/roobar_chia_coconut.jpg?itok=hTYJuzbx", "product_zoom": "https://cdn2.matsmart.se/sites/se/files/styles/product_zoom/public/products/roobar_chia_coconut.jpg?itok=kHXEha9M"}}], "max_purchase": "", "prices": {"comparison_price": "233,33 kr/kg", "price": {"amount": "700", "currency_code": "SEK", "data": {"components": []}}, "old_price": {"amount": "1600", "currency_code": "SEK", "data": {"components": []}}}, "size": "30g", "status": "1", "stock": 0, "vat_rate": "se_intermediate", "volume": {"length": "12.00000", "width": "4.00000", "height": "2.00000", "unit": "cm"}, "weight": {"weight": "30.00000", "unit": "g"}, "product_category": null, "suppliers": [], "seasonal_themes": []}], "published": "0", "status": "0", "sticky": "0", "tags": ["679", "9398"]}, {"id": "96591", "label": "Kn\u00e4ckebr\u00f6d Chia", "self": "https://api.matsmart.se/api/v1.0/product-displays/96591", "brand": null, "brand_name": "", "categories": [], "created": "1520265601", "exclude_from_list": null, "product_info": null, "market": "SE", "products": [{"id": "31131", "label": "Kn\u00e4ckebr\u00f6d Chia", "self": "https://api.matsmart.se/api/v1.0/products/31131", "best_before": null, "product_contents": [], "sku": "MS101739", "gtin": "", "images": [], "max_purchase": "", "prices": {"price": {"amount": "2000", "currency_code": "SEK", "data": {"components": []}}, "old_price": {"amount": "2890", "currency_code": "SEK", "data": {"components": []}}}, "size": null, "status": "1", "stock": 0, "vat_rate": "se_intermediate", "volume": null, "weight": {"weight": "0.00000", "unit": "g"}, "product_category": null, "suppliers": [], "seasonal_themes": []}], "published": "0", "status": "0", "sticky": "0", "tags": []}, {"id": "96826", "label": "Chiafr\u00f6n Svarta 500g", "self": "https://api.matsmart.se/api/v1.0/product-displays/96826", "brand": "13091", "brand_name": "The Chia Company", "categories": [], "created": "1521038782", "exclude_from_list": null, "product_info": "Svarta chiafr\u00f6n som \u00e4r rika p\u00e5 fibrer, Omega-3 och protein. Str\u00f6 \u00f6ver filen, yoghurten eller ha i br\u00f6dbaket.", "market": "SE", "products": [{"id": "31206", "label": "Chia Seed Black 500 gr", "self": "https://api.matsmart.se/api/v1.0/products/31206", "best_before": "1529272800", "product_contents": [{"id": "114736", "self": "https://cdn4.matsmart.se/sites/se/files/product_contents/the_chia_co_black_chia_innehall.jpg", "filemime": "image/jpeg", "filesize": "600679", "width": "800", "height": "800", "styles": ""}], "sku": "MS101755", "gtin": "9340224000631", "images": [{"id": "114731", "self": "https://cdn2.matsmart.se/sites/se/files/products/the_chia_co_black_chia.jpg", "filemime": "image/jpeg", "filesize": "345307", "width": "800", "height": "800", "styles": {"product_full": "https://cdn2.matsmart.se/sites/se/files/styles/product_full/public/products/the_chia_co_black_chia.jpg?itok=6VSz7x60", "product_full_2x": "https://cdn2.matsmart.se/sites/se/files/styles/product_full_2x/public/products/the_chia_co_black_chia.jpg?itok=gjWFIbb8", "product_teaser": "https://cdn2.matsmart.se/sites/se/files/styles/product_teaser/public/products/the_chia_co_black_chia.jpg?itok=JEMokC_L", "product_teaser_2x": "https://cdn2.matsmart.se/sites/se/files/styles/product_teaser_2x/public/products/the_chia_co_black_chia.jpg?itok=RlD3wPMu", "product_zoom": "https://cdn2.matsmart.se/sites/se/files/styles/product_zoom/public/products/the_chia_co_black_chia.jpg?itok=O7MwXtOC"}}], "max_purchase": "", "prices": {"comparison_price": "358,00 kr/kg", "price": {"amount": "9900", "currency_code": "SEK", "data": {"components": []}}, "old_price": {"amount": "24900", "currency_code": "SEK", "data": {"components": []}}}, "size": "500 g", "status": "1", "stock": 0, "vat_rate": "se_intermediate", "volume": {"length": "23.00000", "width": "16.00000", "height": "7.00000", "unit": "cm"}, "weight": {"weight": "516.00000", "unit": "g"}, "product_category": null, "suppliers": [], "seasonal_themes": []}], "published": "0", "status": "0", "sticky": "0", "tags": []}, {"id": "96841", "label": "Chiafr\u00f6n Vita 500g", "self": "https://api.matsmart.se/api/v1.0/product-displays/96841", "brand": "13091", "brand_name": "The Chia Company", "categories": ["14956"], "created": "1536301783", "exclude_from_list": null, "product_info": "Vita chiafr\u00f6n som \u00e4r rika p\u00e5 fibrer, Omega-3 och protein. Str\u00f6 \u00f6ver filen, yoghurten eller ha i br\u00f6dbaket.", "market": "SE", "products": [{"id": "31211", "label": "Chia Seed White 500 gr", "self": "https://api.matsmart.se/api/v1.0/products/31211", "best_before": "1529272800", "product_contents": [{"id": "114866", "self": "https://cdn4.matsmart.se/sites/se/files/product_contents/the_chia_co_white_chia_innehall.jpg", "filemime": "image/jpeg", "filesize": "561883", "width": "800", "height": "800", "styles": ""}], "sku": "MS101756", "gtin": "9340224005636", "images": [{"id": "114861", "self": "https://cdn1.matsmart.se/sites/se/files/products/the_chia_co_white_chia.jpg", "filemime": "image/jpeg", "filesize": "372968", "width": "800", "height": "800", "styles": {"product_full": "https://cdn1.matsmart.se/sites/se/files/styles/product_full/public/products/the_chia_co_white_chia.jpg?itok=NSa5Y7l6", "product_full_2x": "https://cdn1.matsmart.se/sites/se/files/styles/product_full_2x/public/products/the_chia_co_white_chia.jpg?itok=eKYaTyny", "product_teaser": "https://cdn1.matsmart.se/sites/se/files/styles/product_teaser/public/products/the_chia_co_white_chia.jpg?itok=lKfo0Vr3", "product_teaser_2x": "https://cdn1.matsmart.se/sites/se/files/styles/product_teaser_2x/public/products/the_chia_co_white_chia.jpg?itok=GE0jO7S-", "product_zoom": "https://cdn1.matsmart.se/sites/se/files/styles/product_zoom/public/products/the_chia_co_white_chia.jpg?itok=mRV_SBAW"}}], "max_purchase": "", "prices": {"comparison_price": "298,00 kr/kg", "price": {"amount": "11900", "currency_code": "SEK", "data": {"components": []}}, "old_price": {"amount": "22900", "currency_code": "SEK", "data": {"components": []}}, "price_table": {"amount": "2950", "currency_code": "SEK", "min_qty": "2", "max_qty": "-1", "data": {"components": []}}}, "size": "500 g", "status": "1", "stock": 0, "vat_rate": "se_intermediate", "volume": {"length": "23.00000", "width": "16.00000", "height": "7.00000", "unit": "cm"}, "weight": {"weight": "516.00000", "unit": "g"}, "product_category": null, "suppliers": [], "seasonal_themes": []}], "published": "0", "status": "0", "sticky": "0", "tags": []}, {"id": "96856", "label": "Chiafr\u00f6n Svarta 1kg", "self": "https://api.matsmart.se/api/v1.0/product-displays/96856", "brand": "13091", "brand_name": "The Chia Company", "categories": [], "created": "1536301783", "exclude_from_list": null, "product_info": "Svarta chiafr\u00f6n som \u00e4r rika p\u00e5 fibrer, Omega-3 och protein. Str\u00f6 \u00f6ver filen, yoghurten eller ha i br\u00f6dbaket. Inneh\u00e5ller \u00e4ven en skopa.\u00a0", "market": "SE", "products": [{"id": "31216", "label": "Chia Seed Black 1000 gr", "self": "https://api.matsmart.se/api/v1.0/products/31216", "best_before": "1529272800", "product_contents": [{"id": "114981", "self": "https://cdn2.matsmart.se/sites/se/files/product_contents/the_chia_company_black_chia_1kg_innehall.jpg", "filemime": "image/jpeg", "filesize": "528028", "width": "800", "height": "800", "styles": ""}], "sku": "MS101757", "gtin": "9340224000730", "images": [{"id": "114976", "self": "https://cdn2.matsmart.se/sites/se/files/products/the_chia_company_black_chia_1kg.jpg", "filemime": "image/jpeg", "filesize": "289973", "width": "800", "height": "800", "styles": {"product_full": "https://cdn2.matsmart.se/sites/se/files/styles/product_full/public/products/the_chia_company_black_chia_1kg.jpg?itok=dLLDI6kc", "product_full_2x": "https://cdn2.matsmart.se/sites/se/files/styles/product_full_2x/public/products/the_chia_company_black_chia_1kg.jpg?itok=BKKdje7k", "product_teaser": "https://cdn2.matsmart.se/sites/se/files/styles/product_teaser/public/products/the_chia_company_black_chia_1kg.jpg?itok=jaWKsdEP", "product_teaser_2x": "https://cdn2.matsmart.se/sites/se/files/styles/product_teaser_2x/public/products/the_chia_company_black_chia_1kg.jpg?itok=oiKSZ_YT", "product_zoom": "https://cdn2.matsmart.se/sites/se/files/styles/product_zoom/public/products/the_chia_company_black_chia_1kg.jpg?itok=dszDAAvq"}}], "max_purchase": "", "prices": {"comparison_price": "149,00 kr/kg", "price": {"amount": "14900", "currency_code": "SEK", "data": {"components": []}}, "old_price": {"amount": "41900", "currency_code": "SEK", "data": {"components": []}}}, "size": "1kg", "status": "1", "stock": 0, "vat_rate": "se_intermediate", "volume": {"length": "22.00000", "width": "12.00000", "height": "12.00000", "unit": "cm"}, "weight": {"weight": "1086.00000", "unit": "g"}, "product_category": null, "suppliers": [], "seasonal_themes": []}], "published": "0", "status": "0", "sticky": "0", "tags": []}, {"id": "99156", "label": "Bovetebr\u00f6d Quinoa", "self": "https://api.matsmart.se/api/v1.0/product-displays/99156", "brand": "12901", "brand_name": "Olda", "categories": ["14971"], "created": "1523282385", "exclude_from_list": false, "product_info": "Spannm\u00e5lsfria, fiberrika spr\u00f6da br\u00f6d baserade p\u00e5 bovete och quinoa som ger br\u00f6den god smak och fin konsistens. Fria fr\u00e5n gluten, mj\u00f6lk, soja, \u00e4gg och j\u00e4st. Kan inneh\u00e5lla sp\u00e5r av baljv\u00e4xter, dock inte jordn\u00f6tter eller soja.", "market": "SE", "products": [{"id": "31926", "label": "Spr\u00f6da Bovetebr\u00f6d med quinoa", "self": "https://api.matsmart.se/api/v1.0/products/31926", "best_before": "1586901600", "product_contents": [{"id": "327101", "self": "https://cdn1.matsmart.se/sites/se/files/product_contents/bovete_1.jpg", "filemime": "image/jpeg", "filesize": "476842", "width": "800", "height": "800", "styles": ""}], "sku": "MS101896", "gtin": "7392050123444", "images": [{"id": "327086", "self": "https://cdn1.matsmart.se/sites/se/files/products/bovete_1.jpg", "filemime": "image/jpeg", "filesize": "369176", "width": "800", "height": "800", "styles": {"product_full": "https://cdn1.matsmart.se/sites/se/files/styles/product_full/public/products/bovete_1.jpg?itok=Fh4hUhUy", "product_full_2x": "https://cdn1.matsmart.se/sites/se/files/styles/product_full_2x/public/products/bovete_1.jpg?itok=y3q-GHK7", "product_teaser": "https://cdn1.matsmart.se/sites/se/files/styles/product_teaser/public/products/bovete_1.jpg?itok=wjUORKS2", "product_teaser_2x": "https://cdn1.matsmart.se/sites/se/files/styles/product_teaser_2x/public/products/bovete_1.jpg?itok=T4PoiCYR", "product_zoom": "https://cdn1.matsmart.se/sites/se/files/styles/product_zoom/public/products/bovete_1.jpg?itok=DAbgOQSc"}}], "max_purchase": "", "prices": {"comparison_price": "90,00 kr/kg", "price": {"amount": "900", "currency_code": "SEK", "data": {"components": []}}, "old_price": {"amount": "1095", "currency_code": "SEK", "data": {"components": []}}, "price_table": {"amount": "833", "currency_code": "SEK", "min_qty": "3", "max_qty": "-1", "data": {"components": []}}}, "size": "100g", "status": "1", "stock": 0, "vat_rate": "se_intermediate", "volume": {"length": "14.00000", "width": "14.00000", "height": "5.50000", "unit": "cm"}, "weight": {"weight": "110.00000", "unit": "g"}, "product_category": "20751", "suppliers": [], "seasonal_themes": []}], "published": "0", "status": "0", "sticky": "0", "tags": ["9398", "18556"]}, {"id": "132761", "label": "Eko Quinoadryck 1l", "self": "https://api.matsmart.se/api/v1.0/product-displays/132761", "brand": "14791", "brand_name": "The Bridge", "categories": [], "created": "1539094951", "exclude_from_list": null, "product_info": "Vegansk, ekologisk och glutenfri quinoadryck. Kan drickas som den \u00e4r eller blandas exempelvis i kaffe!", "market": "SE", "products": [{"id": "42581", "label": "Eklogiskt Vegetabilisk Quinoa dryck", "self": "https://api.matsmart.se/api/v1.0/products/42581", "best_before": "1538776800", "product_contents": [{"id": "173241", "self": "https://cdn4.matsmart.se/sites/se/files/product_contents/la_carla_quinoadryck_innehall.jpg", "filemime": "image/jpeg", "filesize": "291951", "width": "800", "height": "800", "styles": ""}], "sku": "MS103982", "gtin": "8019428007081", "images": [{"id": "173236", "self": "https://cdn2.matsmart.se/sites/se/files/products/the_bridge_bio.jpg", "filemime": "image/jpeg", "filesize": "226962", "width": "800", "height": "800", "styles": {"product_full": "https://cdn2.matsmart.se/sites/se/files/styles/product_full/public/products/the_bridge_bio.jpg?itok=UrKtrtWO", "product_full_2x": "https://cdn2.matsmart.se/sites/se/files/styles/product_full_2x/public/products/the_bridge_bio.jpg?itok=uNXXMgpE", "product_teaser": "https://cdn2.matsmart.se/sites/se/files/styles/product_teaser/public/products/the_bridge_bio.jpg?itok=7SnaKN3M", "product_teaser_2x": "https://cdn2.matsmart.se/sites/se/files/styles/product_teaser_2x/public/products/the_bridge_bio.jpg?itok=RXQdx_tg", "product_zoom": "https://cdn2.matsmart.se/sites/se/files/styles/product_zoom/public/products/the_bridge_bio.jpg?itok=0zLUuQIf"}}], "max_purchase": "", "prices": {"comparison_price": "7,00 kr/l", "price": {"amount": "700", "currency_code": "SEK", "data": {"components": []}}, "old_price": {"amount": "3200", "currency_code": "SEK", "data": {"components": []}}, "price_table": {"amount": "500", "currency_code": "SEK", "min_qty": "2", "max_qty": "-1", "data": {"components": []}}}, "size": "1l", "status": "1", "stock": 0, "vat_rate": "se_intermediate", "volume": {"length": "21.00000", "width": "8.00000", "height": "7.50000", "unit": "cm"}, "weight": {"weight": "1088.00000", "unit": "g"}, "product_category": null, "suppliers": [], "seasonal_themes": []}], "published": "0", "status": "0", "sticky": "0", "tags": []}, {"id": "134741", "label": "Chiadryck Jordgubb & Granat\u00e4pple 230ml", "self": "https://api.matsmart.se/api/v1.0/product-displays/134741", "brand": "14821", "brand_name": "ChiaHumara", "categories": ["15046"], "created": "1539758003", "exclude_from_list": null, "product_info": "Smaka p\u00e5 denna superdryck fylld med hela 7,5g chiafr\u00f6n samt jordgubb och granat\u00e4pple. Produkten \u00e4r vegansk och glutenfri. En snabb energikick n\u00e4r du beh\u00f6ver det!", "market": "SE", "products": [{"id": "43206", "label": "Chia Humara - Jordgubbe / Granat\u00e4pple", "self": "https://api.matsmart.se/api/v1.0/products/43206", "best_before": "1543532400", "product_contents": [{"id": "175486", "self": "https://cdn4.matsmart.se/sites/se/files/product_contents/chia_humara_jordgubb_granatapple_innehall.jpg", "filemime": "image/jpeg", "filesize": "361166", "width": "800", "height": "800", "styles": ""}], "sku": "MS104177", "gtin": "7350091801509", "images": [{"id": "175481", "self": "https://cdn1.matsmart.se/sites/se/files/products/chia_humara_jordgubb_granatapple.jpg", "filemime": "image/jpeg", "filesize": "212432", "width": "800", "height": "800", "styles": {"product_full": "https://cdn1.matsmart.se/sites/se/files/styles/product_full/public/products/chia_humara_jordgubb_granatapple.jpg?itok=fDwVW5xk", "product_full_2x": "https://cdn1.matsmart.se/sites/se/files/styles/product_full_2x/public/products/chia_humara_jordgubb_granatapple.jpg?itok=9JcVMi0k", "product_teaser": "https://cdn1.matsmart.se/sites/se/files/styles/product_teaser/public/products/chia_humara_jordgubb_granatapple.jpg?itok=jNzXvav7", "product_teaser_2x": "https://cdn1.matsmart.se/sites/se/files/styles/product_teaser_2x/public/products/chia_humara_jordgubb_granatapple.jpg?itok=IPjIUSfA", "product_zoom": "https://cdn1.matsmart.se/sites/se/files/styles/product_zoom/public/products/chia_humara_jordgubb_granatapple.jpg?itok=CaEa4HML"}}], "max_purchase": "", "prices": {"comparison_price": "43,47 kr/l", "price": {"amount": "700", "currency_code": "SEK", "data": {"components": []}}, "old_price": {"amount": "2190", "currency_code": "SEK", "data": {"components": []}}, "price_table": {"amount": "500", "currency_code": "SEK", "min_qty": "2", "max_qty": "-1", "data": {"components": []}}}, "size": "230ml", "status": "1", "stock": 0, "vat_rate": "se_intermediate", "volume": {"length": "19.00000", "width": "8.00000", "height": "8.00000", "unit": "cm"}, "weight": {"weight": "460.00000", "unit": "g"}, "product_category": null, "suppliers": [], "seasonal_themes": []}], "published": "0", "status": "0", "sticky": "0", "tags": ["9398"]}, {"id": "134756", "label": "Chiadryck R\u00f6dbeta & Ingef\u00e4ra 230ml", "self": "https://api.matsmart.se/api/v1.0/product-displays/134756", "brand": "14821", "brand_name": "ChiaHumara", "categories": ["15046"], "created": "1548252757", "exclude_from_list": null, "product_info": "Smaka p\u00e5 denna superdryck fylld med hela 7,5g chiafr\u00f6n samt r\u00f6dbeta och ingef\u00e4ra. Produkten \u00e4r vegansk och glutenfri. En snabb energikick n\u00e4r du beh\u00f6ver det!\u00a0", "market": "SE", "products": [{"id": "43211", "label": "Chia Humara - R\u00f6dbeta / Ingef\u00e4ra", "self": "https://api.matsmart.se/api/v1.0/products/43211", "best_before": "1546210800", "product_contents": [{"id": "175546", "self": "https://cdn2.matsmart.se/sites/se/files/product_contents/chia_humara_rodbeta_ingefara_innehall.jpg", "filemime": "image/jpeg", "filesize": "348307", "width": "800", "height": "800", "styles": ""}], "sku": "MS104178", "gtin": null, "images": [{"id": "175541", "self": "https://cdn2.matsmart.se/sites/se/files/products/chia_humara_rodbeta_ingefara.jpg", "filemime": "image/jpeg", "filesize": "233732", "width": "800", "height": "800", "styles": {"product_full": "https://cdn2.matsmart.se/sites/se/files/styles/product_full/public/products/chia_humara_rodbeta_ingefara.jpg?itok=Xjhw-zXq", "product_full_2x": "https://cdn2.matsmart.se/sites/se/files/styles/product_full_2x/public/products/chia_humara_rodbeta_ingefara.jpg?itok=uMK_Nfqx", "product_teaser": "https://cdn2.matsmart.se/sites/se/files/styles/product_teaser/public/products/chia_humara_rodbeta_ingefara.jpg?itok=ifX8jcRZ", "product_teaser_2x": "https://cdn2.matsmart.se/sites/se/files/styles/product_teaser_2x/public/products/chia_humara_rodbeta_ingefara.jpg?itok=4UZ0BgUb", "product_zoom": "https://cdn2.matsmart.se/sites/se/files/styles/product_zoom/public/products/chia_humara_rodbeta_ingefara.jpg?itok=v58A9Gpm"}}], "max_purchase": "", "prices": {"comparison_price": "43,47 kr/l", "price": {"amount": "700", "currency_code": "SEK", "data": {"components": []}}, "old_price": {"amount": "2190", "currency_code": "SEK", "data": {"components": []}}, "price_table": {"amount": "380", "currency_code": "SEK", "min_qty": "5", "max_qty": "-1", "data": {"components": []}}}, "size": "230ml", "status": "1", "stock": 0, "vat_rate": "se_intermediate", "volume": {"length": "19.00000", "width": "8.00000", "height": "8.00000", "unit": "cm"}, "weight": {"weight": "438.00000", "unit": "g"}, "product_category": null, "suppliers": [], "seasonal_themes": []}], "published": "0", "status": "0", "sticky": "0", "tags": ["9398", "15376"]}, {"id": "134771", "label": "Chiadryck Mandelmj\u00f6lk, Vanilj & Kanel 230ml", "self": "https://api.matsmart.se/api/v1.0/product-displays/134771", "brand": "14821", "brand_name": "ChiaHumara", "categories": ["15046"], "created": "1539762467", "exclude_from_list": null, "product_info": "Smaka p\u00e5 denna superdryck fylld med chiafr\u00f6n samt mandelmj\u00f6lk, vanilj och kanel. Produkten \u00e4r vegansk och glutenfri. En snabb energikick n\u00e4r du beh\u00f6ver det!\u00a0", "market": "SE", "products": [{"id": "43216", "label": "Chia Humara - Mandelmj\u00f6l", "self": "https://api.matsmart.se/api/v1.0/products/43216", "best_before": "1551308400", "product_contents": [{"id": "175556", "self": "https://cdn2.matsmart.se/sites/se/files/product_contents/chia_humara_mandelmjolk_mm_innehall.jpg", "filemime": "image/jpeg", "filesize": "325360", "width": "800", "height": "800", "styles": ""}], "sku": "MS104179", "gtin": "7350014591036", "images": [{"id": "175551", "self": "https://cdn1.matsmart.se/sites/se/files/products/chia_humara_mandelmjolk.jpg", "filemime": "image/jpeg", "filesize": "237724", "width": "800", "height": "800", "styles": {"product_full": "https://cdn1.matsmart.se/sites/se/files/styles/product_full/public/products/chia_humara_mandelmjolk.jpg?itok=OSDVwrUp", "product_full_2x": "https://cdn1.matsmart.se/sites/se/files/styles/product_full_2x/public/products/chia_humara_mandelmjolk.jpg?itok=1b8lCpE1", "product_teaser": "https://cdn1.matsmart.se/sites/se/files/styles/product_teaser/public/products/chia_humara_mandelmjolk.jpg?itok=PaKzzM40", "product_teaser_2x": "https://cdn1.matsmart.se/sites/se/files/styles/product_teaser_2x/public/products/chia_humara_mandelmjolk.jpg?itok=4SMZSykD", "product_zoom": "https://cdn1.matsmart.se/sites/se/files/styles/product_zoom/public/products/chia_humara_mandelmjolk.jpg?itok=8t7CgLnJ"}}], "max_purchase": "", "prices": {"comparison_price": "43,47 kr/l", "price": {"amount": "700", "currency_code": "SEK", "data": {"components": []}}, "old_price": {"amount": "2190", "currency_code": "SEK", "data": {"components": []}}, "price_table": {"amount": "500", "currency_code": "SEK", "min_qty": "2", "max_qty": "-1", "data": {"components": []}}}, "size": "230ml", "status": "1", "stock": 0, "vat_rate": "se_intermediate", "volume": {"length": "19.00000", "width": "8.00000", "height": "8.00000", "unit": "cm"}, "weight": {"weight": "432.00000", "unit": "g"}, "product_category": null, "suppliers": [], "seasonal_themes": []}], "published": "0", "status": "0", "sticky": "1", "tags": ["15376", "214"]}, {"id": "135671", "label": "Majskakor Quinoa, Linfr\u00f6 & Havssalt", "self": "https://api.matsmart.se/api/v1.0/product-displays/135671", "brand": "125", "brand_name": "Friggs", "categories": ["14971"], "created": "1583487193", "exclude_from_list": false, "product_info": "Glutenfria och nyckelh\u00e5lsm\u00e4rkta majskakor med quinoa, linfr\u00f6n och havssalt. Njut av dessa frasiga majskakor som dom \u00e4r eller med dina favorittillbeh\u00f6r.", "market": "SE", "products": [{"id": "43516", "label": "FRIGGS MAISSIKAKUT KVINOA PELLAVANSIEMEN &amp; MERISUO", "self": "https://api.matsmart.se/api/v1.0/products/43516", "best_before": "1600120800", "product_contents": [{"id": "176461", "self": "https://cdn1.matsmart.se/sites/se/files/product_contents/friggs_majskakor_quinoa_linfro_havssalt_innehall.jpg", "filemime": "image/jpeg", "filesize": "332108", "width": "800", "height": "800", "styles": ""}], "sku": "MS104142", "gtin": "7350028545070", "images": [{"id": "176456", "self": "https://cdn3.matsmart.se/sites/se/files/products/friggs_majskakor_quinoa_linfro_havssalt.jpg", "filemime": "image/jpeg", "filesize": "255000", "width": "800", "height": "800", "styles": {"product_full": "https://cdn3.matsmart.se/sites/se/files/styles/product_full/public/products/friggs_majskakor_quinoa_linfro_havssalt.jpg?itok=kVsFd6se", "product_full_2x": "https://cdn3.matsmart.se/sites/se/files/styles/product_full_2x/public/products/friggs_majskakor_quinoa_linfro_havssalt.jpg?itok=FOUN5TUT", "product_teaser": "https://cdn3.matsmart.se/sites/se/files/styles/product_teaser/public/products/friggs_majskakor_quinoa_linfro_havssalt.jpg?itok=mwp7ZY5v", "product_teaser_2x": "https://cdn3.matsmart.se/sites/se/files/styles/product_teaser_2x/public/products/friggs_majskakor_quinoa_linfro_havssalt.jpg?itok=5IdY7L2b", "product_zoom": "https://cdn3.matsmart.se/sites/se/files/styles/product_zoom/public/products/friggs_majskakor_quinoa_linfro_havssalt.jpg?itok=rvpD6QtS"}}], "max_purchase": "", "prices": {"comparison_price": "92,31 kr/kg", "price": {"amount": "1200", "currency_code": "SEK", "data": {"components": []}}, "old_price": {"amount": "1750", "currency_code": "SEK", "data": {"components": []}}, "price_table": {"amount": "1000", "currency_code": "SEK", "min_qty": "2", "max_qty": "-1", "data": {"components": []}}}, "size": "130g", "status": "1", "stock": 0, "vat_rate": "se_intermediate", "volume": {"length": "26.00000", "width": "9.00000", "height": "9.00000", "unit": "cm"}, "weight": {"weight": "130.50000", "unit": "g"}, "product_category": "20756", "suppliers": [], "seasonal_themes": []}], "published": "0", "status": "0", "sticky": "0", "tags": ["22331", "22396"]}, {"id": "136981", "label": "Eko Pannkaksmix Havre & Chia 250g", "self": "https://api.matsmart.se/api/v1.0/product-displays/136981", "brand": "978", "brand_name": "Kung Markatta", "categories": ["14961"], "created": "1566550508", "exclude_from_list": null, "product_info": "Vem \u00e4lskar inte pannkakor? Med denna ekologiska och glutenfria pannkaksmix tillreder du enkelt supergoda pannkakor.\u00a0", "market": "SE", "products": [{"id": "43956", "label": "EKO KM PANNKAKSMIX EKO 250 G", "self": "https://api.matsmart.se/api/v1.0/products/43956", "best_before": "1572303600", "product_contents": [{"id": "180701", "self": "https://cdn1.matsmart.se/sites/se/files/product_contents/km_mjol_innehall.jpg", "filemime": "image/jpeg", "filesize": "309673", "width": "800", "height": "800", "styles": ""}], "sku": "MS104249", "gtin": "7391835919616", "images": [{"id": "180676", "self": "https://cdn2.matsmart.se/sites/se/files/products/kung_markatta_pannkaksmix_havre_chia.jpg", "filemime": "image/jpeg", "filesize": "379067", "width": "800", "height": "800", "styles": {"product_full": "https://cdn2.matsmart.se/sites/se/files/styles/product_full/public/products/kung_markatta_pannkaksmix_havre_chia.jpg?itok=aJcWFu-V", "product_full_2x": "https://cdn2.matsmart.se/sites/se/files/styles/product_full_2x/public/products/kung_markatta_pannkaksmix_havre_chia.jpg?itok=54OlJmdg", "product_teaser": "https://cdn2.matsmart.se/sites/se/files/styles/product_teaser/public/products/kung_markatta_pannkaksmix_havre_chia.jpg?itok=VwVbd7T1", "product_teaser_2x": "https://cdn2.matsmart.se/sites/se/files/styles/product_teaser_2x/public/products/kung_markatta_pannkaksmix_havre_chia.jpg?itok=0r2o8cZZ", "product_zoom": "https://cdn2.matsmart.se/sites/se/files/styles/product_zoom/public/products/kung_markatta_pannkaksmix_havre_chia.jpg?itok=qidhZywQ"}}], "max_purchase": "", "prices": {"comparison_price": "76,00 kr/kg", "price": {"amount": "1900", "currency_code": "SEK", "data": {"components": []}}, "old_price": {"amount": "2990", "currency_code": "SEK", "data": {"components": []}}}, "size": "250g", "status": "1", "stock": 0, "vat_rate": "se_intermediate", "volume": {"length": "12.50000", "width": "2.50000", "height": "19.50000", "unit": "cm"}, "weight": {"weight": "274.00000", "unit": "g"}, "product_category": null, "suppliers": [], "seasonal_themes": []}], "published": "0", "status": "0", "sticky": "0", "tags": ["679", "9398"]}, {"id": "137501", "label": "Eko Majssnacks Chia & Havssalt 50g", "self": "https://api.matsmart.se/api/v1.0/product-displays/137501", "brand": "12991", "brand_name": "Veggie Peggy", "categories": ["15006"], "created": "1541665166", "exclude_from_list": null, "product_info": "Ekologiska majssnacks med smak av chia och havssalt. Glutenfria och utan tillsatser!", "market": "SE", "products": [{"id": "44116", "label": "Majssnacks Chia &amp; Havssalt", "self": "https://api.matsmart.se/api/v1.0/products/44116", "best_before": "1559772000", "product_contents": [{"id": "181946", "self": "https://cdn4.matsmart.se/sites/se/files/product_contents/veggie_peggy_snacks_chia_havssalt_innehall.jpg", "filemime": "image/jpeg", "filesize": "307901", "width": "800", "height": "800", "styles": ""}], "sku": "MS104279", "gtin": "7340123700702", "images": [{"id": "181941", "self": "https://cdn4.matsmart.se/sites/se/files/products/veggie_peggy_snacsk_chia_havssalt.jpg", "filemime": "image/jpeg", "filesize": "492578", "width": "800", "height": "800", "styles": {"product_full": "https://cdn4.matsmart.se/sites/se/files/styles/product_full/public/products/veggie_peggy_snacsk_chia_havssalt.jpg?itok=Af-JpByi", "product_full_2x": "https://cdn4.matsmart.se/sites/se/files/styles/product_full_2x/public/products/veggie_peggy_snacsk_chia_havssalt.jpg?itok=kk63pg36", "product_teaser": "https://cdn4.matsmart.se/sites/se/files/styles/product_teaser/public/products/veggie_peggy_snacsk_chia_havssalt.jpg?itok=--cA4S-3", "product_teaser_2x": "https://cdn4.matsmart.se/sites/se/files/styles/product_teaser_2x/public/products/veggie_peggy_snacsk_chia_havssalt.jpg?itok=z-ZUQ37X", "product_zoom": "https://cdn4.matsmart.se/sites/se/files/styles/product_zoom/public/products/veggie_peggy_snacsk_chia_havssalt.jpg?itok=B4OpR5fD"}}], "max_purchase": "", "prices": {"comparison_price": "300,00 kr/kg", "price": {"amount": "1500", "currency_code": "SEK", "data": {"components": []}}, "old_price": {"amount": "1900", "currency_code": "SEK", "data": {"components": []}}}, "size": "50g", "status": "1", "stock": 0, "vat_rate": "se_intermediate", "volume": {"length": "21.00000", "width": "11.00000", "height": "6.00000", "unit": "cm"}, "weight": {"weight": "55.00000", "unit": "g"}, "product_category": null, "suppliers": [], "seasonal_themes": []}], "published": "0", "status": "0", "sticky": "0", "tags": ["679", "9398"]}, {"id": "137516", "label": "Eko Majssnacks Quinoa & Havssalt 50g", "self": "https://api.matsmart.se/api/v1.0/product-displays/137516", "brand": "12991", "brand_name": "Veggie Peggy", "categories": ["15006"], "created": "1562239274", "exclude_from_list": true, "product_info": "Ekologiska majssnacks med quinoa och havssalt. Glutenfria och utan tillsatser!", "market": "SE", "products": [{"id": "44121", "label": "Majssnacks Quinoa &amp; Havssalt", "self": "https://api.matsmart.se/api/v1.0/products/44121", "best_before": "1566424800", "product_contents": [{"id": "181926", "self": "https://cdn4.matsmart.se/sites/se/files/product_contents/veggie_peggy_eko_snacks_quinoa_havssalt_innehall.jpg", "filemime": "image/jpeg", "filesize": "279117", "width": "800", "height": "800", "styles": ""}], "sku": "MS104280", "gtin": "7340123700696", "images": [{"id": "181921", "self": "https://cdn1.matsmart.se/sites/se/files/products/veggie_peggy_snacks_quinoa_havssalt.jpg", "filemime": "image/jpeg", "filesize": "452933", "width": "800", "height": "800", "styles": {"product_full": "https://cdn1.matsmart.se/sites/se/files/styles/product_full/public/products/veggie_peggy_snacks_quinoa_havssalt.jpg?itok=tqrXv6P9", "product_full_2x": "https://cdn1.matsmart.se/sites/se/files/styles/product_full_2x/public/products/veggie_peggy_snacks_quinoa_havssalt.jpg?itok=1FWBXlxT", "product_teaser": "https://cdn1.matsmart.se/sites/se/files/styles/product_teaser/public/products/veggie_peggy_snacks_quinoa_havssalt.jpg?itok=Q36J0br7", "product_teaser_2x": "https://cdn1.matsmart.se/sites/se/files/styles/product_teaser_2x/public/products/veggie_peggy_snacks_quinoa_havssalt.jpg?itok=xfXonbeF", "product_zoom": "https://cdn1.matsmart.se/sites/se/files/styles/product_zoom/public/products/veggie_peggy_snacks_quinoa_havssalt.jpg?itok=mswZPYiG"}}], "max_purchase": "", "prices": {"comparison_price": "240,00 kr/kg", "price": {"amount": "1200", "currency_code": "SEK", "data": {"components": []}}, "old_price": {"amount": "2000", "currency_code": "SEK", "data": {"components": []}}, "price_table": {"amount": "1000", "currency_code": "SEK", "min_qty": "2", "max_qty": "-1", "data": {"components": []}}}, "size": "50g", "status": "1", "stock": 0, "vat_rate": "se_intermediate", "volume": {"length": "21.00000", "width": "11.00000", "height": "6.00000", "unit": "cm"}, "weight": {"weight": "55.00000", "unit": "g"}, "product_category": null, "suppliers": [], "seasonal_themes": []}], "published": "0", "status": "0", "sticky": "0", "tags": ["679", "9398"]}, {"id": "137726", "label": "Eko Lupin- & Quinoa Biffar", "self": "https://api.matsmart.se/api/v1.0/product-displays/137726", "brand": "4433", "brand_name": "Veggi", "categories": ["14926"], "created": "1574760556", "exclude_from_list": false, "product_info": "Tillred enkelt ekologiska biffar p\u00e5 lupin gryn och quinoa med denna vegetariska mix. Tills\u00e4tt vatten, forma biffarna, tillred dem och njut!", "market": "SE", "products": [{"id": "44191", "label": "Veg Lupin och Quinoa Biffar 150g", "self": "https://api.matsmart.se/api/v1.0/products/44191", "best_before": "1578438000", "product_contents": [{"id": "179206", "self": "https://cdn2.matsmart.se/sites/se/files/product_contents/veggi_biffar_innehall.jpg", "filemime": "image/jpeg", "filesize": "478366", "width": "800", "height": "800", "styles": ""}], "sku": "MS104294", "gtin": "7350017290646", "images": [{"id": "179201", "self": "https://cdn2.matsmart.se/sites/se/files/products/veggi_biffar.jpg", "filemime": "image/jpeg", "filesize": "467150", "width": "800", "height": "800", "styles": {"product_full": "https://cdn2.matsmart.se/sites/se/files/styles/product_full/public/products/veggi_biffar.jpg?itok=9uHa8sxx", "product_full_2x": "https://cdn2.matsmart.se/sites/se/files/styles/product_full_2x/public/products/veggi_biffar.jpg?itok=5_lMe2kH", "product_teaser": "https://cdn2.matsmart.se/sites/se/files/styles/product_teaser/public/products/veggi_biffar.jpg?itok=KorbINu3", "product_teaser_2x": "https://cdn2.matsmart.se/sites/se/files/styles/product_teaser_2x/public/products/veggi_biffar.jpg?itok=SNqDOJBw", "product_zoom": "https://cdn2.matsmart.se/sites/se/files/styles/product_zoom/public/products/veggi_biffar.jpg?itok=anooQiNk"}}], "max_purchase": "", "prices": {"comparison_price": "126,67 kr/kg", "price": {"amount": "1900", "currency_code": "SEK", "data": {"components": []}}, "old_price": {"amount": "3490", "currency_code": "SEK", "data": {"components": []}}, "price_table": {"amount": "1750", "currency_code": "SEK", "min_qty": "2", "max_qty": "-1", "data": {"components": []}}}, "size": "150g", "status": "1", "stock": 0, "vat_rate": "se_intermediate", "volume": {"length": "17.00000", "width": "11.00000", "height": "3.00000", "unit": "cm"}, "weight": {"weight": "178.00000", "unit": "g"}, "product_category": "20551", "suppliers": [], "seasonal_themes": []}], "published": "0", "status": "0", "sticky": "0", "tags": ["679", "15376", "18556"]}, {"id": "139381", "label": "Eko Chiafr\u00f6n 150g", "self": "https://api.matsmart.se/api/v1.0/product-displays/139381", "brand": "13571", "brand_name": "Superfruit Foods", "categories": ["14956"], "created": "1541677680", "exclude_from_list": false, "product_info": "Ekologiska chiafr\u00f6n \u00e4r riktiga superfr\u00f6n. Rika p\u00e5 Omega 3, fibrer, protein, antioxidanter och olika mineraler. Blanda ner i en smoothie eller g\u00f6r en smarrig chiapudding med fr\u00f6na!", "market": "SE", "products": [{"id": "44751", "label": "Superfruit Foods Chia Seeds 150g EU EKO", "self": "https://api.matsmart.se/api/v1.0/products/44751", "best_before": "1623880800", "product_contents": [{"id": "182036", "self": "https://cdn4.matsmart.se/sites/se/files/product_contents/superfruit_foods_chia_seeds_innehall.jpg", "filemime": "image/jpeg", "filesize": "396583", "width": "800", "height": "800", "styles": ""}], "sku": "MS104396", "gtin": "7350039931640", "images": [{"id": "182031", "self": "https://cdn4.matsmart.se/sites/se/files/products/superfruit_foods_chia_seeds.jpg", "filemime": "image/jpeg", "filesize": "358906", "width": "800", "height": "800", "styles": {"product_full": "https://cdn4.matsmart.se/sites/se/files/styles/product_full/public/products/superfruit_foods_chia_seeds.jpg?itok=_HaZU5BZ", "product_full_2x": "https://cdn4.matsmart.se/sites/se/files/styles/product_full_2x/public/products/superfruit_foods_chia_seeds.jpg?itok=9c4j6EJj", "product_teaser": "https://cdn4.matsmart.se/sites/se/files/styles/product_teaser/public/products/superfruit_foods_chia_seeds.jpg?itok=JibO5OGm", "product_teaser_2x": "https://cdn4.matsmart.se/sites/se/files/styles/product_teaser_2x/public/products/superfruit_foods_chia_seeds.jpg?itok=yfySsP2w", "product_zoom": "https://cdn4.matsmart.se/sites/se/files/styles/product_zoom/public/products/superfruit_foods_chia_seeds.jpg?itok=k6dlaFvj"}}], "max_purchase": "", "prices": {"comparison_price": "133,33 kr/kg", "price": {"amount": "2000", "currency_code": "SEK", "data": {"components": []}}, "old_price": {"amount": "4900", "currency_code": "SEK", "data": {"components": []}}}, "size": "150g", "status": "1", "stock": 0, "vat_rate": "se_intermediate", "volume": {"length": "16.50000", "width": "12.00000", "height": "5.00000", "unit": "cm"}, "weight": {"weight": "156.00000", "unit": "g"}, "product_category": null, "suppliers": [], "seasonal_themes": []}], "published": "0", "status": "0", "sticky": "0", "tags": ["679", "15376"]}, {"id": "140366", "label": "Eko Kn\u00e4ckebr\u00f6d Chia 200g", "self": "https://api.matsmart.se/api/v1.0/product-displays/140366", "brand": "1895", "brand_name": "Urtekram", "categories": ["14971"], "created": "1562321815", "exclude_from_list": null, "product_info": "Ekologiskt kn\u00e4ckebr\u00f6d med chiafr\u00f6n. Addera dina favoritp\u00e5l\u00e4gg och njut!", "market": "SE", "products": [{"id": "45066", "label": "Urtekram 200g luomu n\u00e4kkileip\u00e4 Chia", "self": "https://api.matsmart.se/api/v1.0/products/45066", "best_before": "1565733600", "product_contents": [{"id": "187156", "self": "https://cdn3.matsmart.se/sites/se/files/product_contents/urtekram_chia_crispbread_innehall.jpg", "filemime": "image/jpeg", "filesize": "378696", "width": "800", "height": "800", "styles": ""}], "sku": "MS104459", "gtin": "5765228265055", "images": [{"id": "187151", "self": "https://cdn2.matsmart.se/sites/se/files/products/urtekram_chia.jpg", "filemime": "image/jpeg", "filesize": "248103", "width": "800", "height": "800", "styles": {"product_full": "https://cdn2.matsmart.se/sites/se/files/styles/product_full/public/products/urtekram_chia.jpg?itok=k2ABBtp6", "product_full_2x": "https://cdn2.matsmart.se/sites/se/files/styles/product_full_2x/public/products/urtekram_chia.jpg?itok=Fl9VEuOG", "product_teaser": "https://cdn2.matsmart.se/sites/se/files/styles/product_teaser/public/products/urtekram_chia.jpg?itok=ypv3wXfZ", "product_teaser_2x": "https://cdn2.matsmart.se/sites/se/files/styles/product_teaser_2x/public/products/urtekram_chia.jpg?itok=N27D5ljg", "product_zoom": "https://cdn2.matsmart.se/sites/se/files/styles/product_zoom/public/products/urtekram_chia.jpg?itok=LcQqKUFJ"}}], "max_purchase": "", "prices": {"comparison_price": "95,00 kr/kg", "price": {"amount": "1900", "currency_code": "SEK", "data": {"components": []}}, "old_price": {"amount": "2990", "currency_code": "SEK", "data": {"components": []}}}, "size": "200g", "status": "1", "stock": 0, "vat_rate": "se_intermediate", "volume": {"length": "14.50000", "width": "8.00000", "height": "6.50000", "unit": "cm"}, "weight": {"weight": "213.00000", "unit": "g"}, "product_category": null, "suppliers": [], "seasonal_themes": []}], "published": "0", "status": "0", "sticky": "0", "tags": ["679"]}, {"id": "140411", "label": "Eko Chiafr\u00f6n 250g", "self": "https://api.matsmart.se/api/v1.0/product-displays/140411", "brand": "12326", "brand_name": "Helios", "categories": ["14956"], "created": "1542894165", "exclude_from_list": null, "product_info": "Ekologiska chiafr\u00f6n. G\u00f6r din egna chiapudding eller blanda fr\u00f6na i en smoothie!", "market": "SE", "products": [{"id": "45081", "label": "HELIOS LUOMU CHIANSIEMEN 250G", "self": "https://api.matsmart.se/api/v1.0/products/45081", "best_before": "1547766000", "product_contents": [{"id": "186651", "self": "https://cdn2.matsmart.se/sites/se/files/product_contents/helios_chiafro_innehall.jpg", "filemime": "image/jpeg", "filesize": "382514", "width": "800", "height": "800", "styles": ""}], "sku": "MS104462", "gtin": "7070622011978", "images": [{"id": "186646", "self": "https://cdn2.matsmart.se/sites/se/files/products/helios_chiafro.jpg", "filemime": "image/jpeg", "filesize": "334631", "width": "800", "height": "800", "styles": {"product_full": "https://cdn2.matsmart.se/sites/se/files/styles/product_full/public/products/helios_chiafro.jpg?itok=iDaEmQGi", "product_full_2x": "https://cdn2.matsmart.se/sites/se/files/styles/product_full_2x/public/products/helios_chiafro.jpg?itok=RiDNlYQ8", "product_teaser": "https://cdn2.matsmart.se/sites/se/files/styles/product_teaser/public/products/helios_chiafro.jpg?itok=Lz_PNTBY", "product_teaser_2x": "https://cdn2.matsmart.se/sites/se/files/styles/product_teaser_2x/public/products/helios_chiafro.jpg?itok=t_xKV_VW", "product_zoom": "https://cdn2.matsmart.se/sites/se/files/styles/product_zoom/public/products/helios_chiafro.jpg?itok=Hfx8sufW"}}], "max_purchase": "", "prices": {"comparison_price": "80,00 kr/kg", "price": {"amount": "2000", "currency_code": "SEK", "data": {"components": []}}, "old_price": {"amount": "3490", "currency_code": "SEK", "data": {"components": []}}}, "size": "250g", "status": "1", "stock": 0, "vat_rate": "se_intermediate", "volume": {"length": "16.00000", "width": "10.50000", "height": "4.00000", "unit": "cm"}, "weight": {"weight": "269.00000", "unit": "g"}, "product_category": null, "suppliers": [], "seasonal_themes": []}], "published": "0", "status": "0", "sticky": "0", "tags": ["679"]}, {"id": "141821", "label": "Eko Hel L\u00e5da Bovetekross 3 x 1666g", "self": "https://api.matsmart.se/api/v1.0/product-displays/141821", "brand": "978", "brand_name": "Kung Markatta", "categories": ["14961"], "created": "1548142154", "exclude_from_list": null, "product_info": "Tre p\u00e5sar med ekologiskt bovetekross. Bovetekross anv\u00e4nds i bakning, gr\u00f6t eller till vegetariska biffar.", "market": "SE", "products": [{"id": "45536", "label": "KM BOVETEKROSS KRAV 5 KG", "self": "https://api.matsmart.se/api/v1.0/products/45536", "best_before": "1552950000", "product_contents": [{"id": "188436", "self": "https://cdn3.matsmart.se/sites/se/files/product_contents/kung_markatta_bovetekross_innehall.jpg", "filemime": "image/jpeg", "filesize": "339408", "width": "800", "height": "800", "styles": ""}], "sku": "MS104553", "gtin": "7391835903165", "images": [{"id": "188431", "self": "https://cdn3.matsmart.se/sites/se/files/products/hl_kung_markatta_bovetekross.jpg", "filemime": "image/jpeg", "filesize": "389118", "width": "800", "height": "800", "styles": {"product_full": "https://cdn3.matsmart.se/sites/se/files/styles/product_full/public/products/hl_kung_markatta_bovetekross.jpg?itok=aHB28Cfk", "product_full_2x": "https://cdn3.matsmart.se/sites/se/files/styles/product_full_2x/public/products/hl_kung_markatta_bovetekross.jpg?itok=qSlQRqqU", "product_teaser": "https://cdn3.matsmart.se/sites/se/files/styles/product_teaser/public/products/hl_kung_markatta_bovetekross.jpg?itok=MW32ua2H", "product_teaser_2x": "https://cdn3.matsmart.se/sites/se/files/styles/product_teaser_2x/public/products/hl_kung_markatta_bovetekross.jpg?itok=BTPHo-G9", "product_zoom": "https://cdn3.matsmart.se/sites/se/files/styles/product_zoom/public/products/hl_kung_markatta_bovetekross.jpg?itok=xvKRUFzG"}}], "max_purchase": "", "prices": {"comparison_price": "29,81 kr/kg", "price": {"amount": "14900", "currency_code": "SEK", "data": {"components": []}}, "old_price": {"amount": "24900", "currency_code": "SEK", "data": {"components": []}}}, "size": "3 x 1666g", "status": "1", "stock": 0, "vat_rate": "se_intermediate", "volume": {"length": "39.00000", "width": "29.00000", "height": "12.00000", "unit": "cm"}, "weight": {"weight": "5292.00000", "unit": "g"}, "product_category": null, "suppliers": [], "seasonal_themes": []}], "published": "0", "status": "0", "sticky": "0", "tags": ["679"]}, {"id": "142551", "label": "Fiberhavregryn 800g", "self": "https://api.matsmart.se/api/v1.0/product-displays/142551", "brand": "547", "brand_name": "Axa", "categories": ["14951"], "created": "1542378869", "exclude_from_list": null, "product_info": "En sk\u00e5l gr\u00f6t i magen ger en bra start p\u00e5 dagen. Axes fiberhavregryn inneh\u00e5ller en perfekt blandning av havregryn och vetekli.", "market": "SE", "products": [{"id": "45801", "label": "Fiberhavregryn", "self": "https://api.matsmart.se/api/v1.0/products/45801", "best_before": "1552950000", "product_contents": [{"id": "184651", "self": "https://cdn1.matsmart.se/sites/se/files/product_contents/axa_fiberhavregryn_innehall.jpg", "filemime": "image/jpeg", "filesize": "344930", "width": "800", "height": "800", "styles": ""}], "sku": "MS104601", "gtin": "7310130321184", "images": [{"id": "184646", "self": "https://cdn4.matsmart.se/sites/se/files/products/axa_fiberhavregryn.jpg", "filemime": "image/jpeg", "filesize": "405909", "width": "800", "height": "800", "styles": {"product_full": "https://cdn4.matsmart.se/sites/se/files/styles/product_full/public/products/axa_fiberhavregryn.jpg?itok=eprAmH3t", "product_full_2x": "https://cdn4.matsmart.se/sites/se/files/styles/product_full_2x/public/products/axa_fiberhavregryn.jpg?itok=pTJmPN3_", "product_teaser": "https://cdn4.matsmart.se/sites/se/files/styles/product_teaser/public/products/axa_fiberhavregryn.jpg?itok=gx-H8dNl", "product_teaser_2x": "https://cdn4.matsmart.se/sites/se/files/styles/product_teaser_2x/public/products/axa_fiberhavregryn.jpg?itok=kY8c4QmN", "product_zoom": "https://cdn4.matsmart.se/sites/se/files/styles/product_zoom/public/products/axa_fiberhavregryn.jpg?itok=MHRpZxBY"}}], "max_purchase": "", "prices": {"comparison_price": "12,50 kr/kg", "price": {"amount": "1000", "currency_code": "SEK", "data": {"components": []}}, "old_price": {"amount": "1050", "currency_code": "SEK", "data": {"components": []}}, "price_table": {"amount": "750", "currency_code": "SEK", "min_qty": "2", "max_qty": "-1", "data": {"components": []}}}, "size": "800g", "status": "1", "stock": 0, "vat_rate": "se_intermediate", "volume": {"length": "19.50000", "width": "13.00000", "height": "8.00000", "unit": "cm"}, "weight": {"weight": "805.00000", "unit": "g"}, "product_category": null, "suppliers": [], "seasonal_themes": []}], "published": "0", "status": "0", "sticky": "0", "tags": []}, {"id": "143151", "label": "Eko Fullkornsbulgur & Quinoa 250g", "self": "https://api.matsmart.se/api/v1.0/product-displays/143151", "brand": "639", "brand_name": "Zeta", "categories": ["14921"], "created": "1551185263", "exclude_from_list": null, "product_info": "Ekologisk mix med fullkornsbulgur och quinoa. Utm\u00e4rkt till varmr\u00e4tter eller i matiga sallader!", "market": "SE", "products": [{"id": "46001", "label": "Fullkornsbulgur &amp; Quinoa Eko", "self": "https://api.matsmart.se/api/v1.0/products/46001", "best_before": "1563228000", "product_contents": [{"id": "186186", "self": "https://cdn1.matsmart.se/sites/se/files/product_contents/zeta_eko_fullkornsbulgur_innehall.jpg", "filemime": "image/jpeg", "filesize": "333292", "width": "800", "height": "800", "styles": ""}], "sku": "MS104641", "gtin": "7350002407684", "images": [{"id": "194321", "self": "https://cdn4.matsmart.se/sites/se/files/products/fullkornskonr.jpg", "filemime": "image/jpeg", "filesize": "152987", "width": "800", "height": "800", "styles": {"product_full": "https://cdn4.matsmart.se/sites/se/files/styles/product_full/public/products/fullkornskonr.jpg?itok=lVu2xS3t", "product_full_2x": "https://cdn4.matsmart.se/sites/se/files/styles/product_full_2x/public/products/fullkornskonr.jpg?itok=yADVS6zp", "product_teaser": "https://cdn4.matsmart.se/sites/se/files/styles/product_teaser/public/products/fullkornskonr.jpg?itok=ExIAGFPk", "product_teaser_2x": "https://cdn4.matsmart.se/sites/se/files/styles/product_teaser_2x/public/products/fullkornskonr.jpg?itok=9dpQGYTJ", "product_zoom": "https://cdn4.matsmart.se/sites/se/files/styles/product_zoom/public/products/fullkornskonr.jpg?itok=janYs1c3"}}], "max_purchase": "", "prices": {"comparison_price": "76,00 kr/kg", "price": {"amount": "1900", "currency_code": "SEK", "data": {"components": []}}, "old_price": {"amount": "2990", "currency_code": "SEK", "data": {"components": []}}, "price_table": {"amount": "1500", "currency_code": "SEK", "min_qty": "2", "max_qty": "-1", "data": {"components": []}}}, "size": "250g", "status": "1", "stock": 0, "vat_rate": "se_intermediate", "volume": {"length": "17.00000", "width": "9.00000", "height": "6.00000", "unit": "cm"}, "weight": {"weight": "256.00000", "unit": "g"}, "product_category": null, "suppliers": [], "seasonal_themes": []}], "published": "0", "status": "0", "sticky": "1", "tags": ["679"]}, {"id": "144211", "label": "Quinoachips \"Hot & Spicy\" 30g", "self": "https://api.matsmart.se/api/v1.0/product-displays/144211", "brand": "12926", "brand_name": "Eat Real", "categories": ["15006"], "created": "1543409794", "exclude_from_list": null, "product_info": "H\u00e4rligt eldiga, veganska quinoachips!", "market": "SE", "products": [{"id": "46366", "label": "Quinoa Chips Spicy 30 gr", "self": "https://api.matsmart.se/api/v1.0/products/46366", "best_before": "1550271600", "product_contents": [{"id": "188781", "self": "https://cdn2.matsmart.se/sites/se/files/product_contents/eat_real_quinoa_chips_chili_innehall_1.jpg", "filemime": "image/jpeg", "filesize": "295186", "width": "800", "height": "800", "styles": ""}, {"id": "188786", "self": "https://cdn3.matsmart.se/sites/se/files/product_contents/eat_real_quinoa_chips_innehall_2.jpg", "filemime": "image/jpeg", "filesize": "363661", "width": "800", "height": "800", "styles": ""}], "sku": "MS104709", "gtin": "5026489484754", "images": [{"id": "188776", "self": "https://cdn4.matsmart.se/sites/se/files/products/eat_real_quinoa_chips_chili.jpg", "filemime": "image/jpeg", "filesize": "441934", "width": "800", "height": "800", "styles": {"product_full": "https://cdn4.matsmart.se/sites/se/files/styles/product_full/public/products/eat_real_quinoa_chips_chili.jpg?itok=OAOp2Aur", "product_full_2x": "https://cdn4.matsmart.se/sites/se/files/styles/product_full_2x/public/products/eat_real_quinoa_chips_chili.jpg?itok=Ijbb4BzP", "product_teaser": "https://cdn4.matsmart.se/sites/se/files/styles/product_teaser/public/products/eat_real_quinoa_chips_chili.jpg?itok=spGR_x4a", "product_teaser_2x": "https://cdn4.matsmart.se/sites/se/files/styles/product_teaser_2x/public/products/eat_real_quinoa_chips_chili.jpg?itok=C_IQVjgc", "product_zoom": "https://cdn4.matsmart.se/sites/se/files/styles/product_zoom/public/products/eat_real_quinoa_chips_chili.jpg?itok=0ZdMB2A6"}}], "max_purchase": "", "prices": {"comparison_price": "333,33 kr/kg", "price": {"amount": "1000", "currency_code": "SEK", "data": {"components": []}}, "old_price": {"amount": "1490", "currency_code": "SEK", "data": {"components": []}}, "price_table": {"amount": "800", "currency_code": "SEK", "min_qty": "2", "max_qty": "-1", "data": {"components": []}}}, "size": "30g", "status": "1", "stock": 0, "vat_rate": "se_intermediate", "volume": {"length": "17.00000", "width": "23.00000", "height": "5.00000", "unit": "cm"}, "weight": {"weight": "47.00000", "unit": "g"}, "product_category": null, "suppliers": [], "seasonal_themes": []}], "published": "0", "status": "0", "sticky": "0", "tags": []}, {"id": "145531", "label": "Snacks Granola Jordgubb & Chia", "self": "https://api.matsmart.se/api/v1.0/product-displays/145531", "brand": "534", "brand_name": "Risenta", "categories": ["15011"], "created": "1574082247", "exclude_from_list": false, "product_info": "Rostad granola och jordgubbsbitar i lagom stora snacksbitar. Ett naturligt och fr\u00e4scht mellanm\u00e5l, helt utan tillsatt socker!", "market": "SE", "products": [{"id": "46806", "label": "Granola Snacks Jordgubb &amp; Chia 50g", "self": "https://api.matsmart.se/api/v1.0/products/46806", "best_before": "1579734000", "product_contents": [{"id": "219451", "self": "https://cdn1.matsmart.se/sites/se/files/product_contents/risenta_granola_snacks_jordgubb_chia_innehall.jpg", "filemime": "image/jpeg", "filesize": "375310", "width": "800", "height": "800", "styles": ""}], "sku": "MS104792", "gtin": "7312631490512", "images": [{"id": "219446", "self": "https://cdn2.matsmart.se/sites/se/files/products/risenta_granola_snacks_jordgubb_chia.jpg", "filemime": "image/jpeg", "filesize": "296724", "width": "800", "height": "800", "styles": {"product_full": "https://cdn2.matsmart.se/sites/se/files/styles/product_full/public/products/risenta_granola_snacks_jordgubb_chia.jpg?itok=_EMlo460", "product_full_2x": "https://cdn2.matsmart.se/sites/se/files/styles/product_full_2x/public/products/risenta_granola_snacks_jordgubb_chia.jpg?itok=Ngu0utGe", "product_teaser": "https://cdn2.matsmart.se/sites/se/files/styles/product_teaser/public/products/risenta_granola_snacks_jordgubb_chia.jpg?itok=mV_PO12G", "product_teaser_2x": "https://cdn2.matsmart.se/sites/se/files/styles/product_teaser_2x/public/products/risenta_granola_snacks_jordgubb_chia.jpg?itok=upxUk22h", "product_zoom": "https://cdn2.matsmart.se/sites/se/files/styles/product_zoom/public/products/risenta_granola_snacks_jordgubb_chia.jpg?itok=qND5bKVY"}}], "max_purchase": "", "prices": {"comparison_price": "200,00 kr/kg", "price": {"amount": "1000", "currency_code": "SEK", "data": {"components": []}}, "old_price": {"amount": "1995", "currency_code": "SEK", "data": {"components": []}}, "price_table": {"amount": "725", "currency_code": "SEK", "min_qty": "4", "max_qty": "-1", "data": {"components": []}}}, "size": "50g", "status": "1", "stock": 0, "vat_rate": "se_intermediate", "volume": {"length": "17.00000", "width": "9.00000", "height": "3.00000", "unit": "cm"}, "weight": {"weight": "55.00000", "unit": "g"}, "product_category": "21016", "suppliers": [], "seasonal_themes": []}], "published": "0", "status": "0", "sticky": "0", "tags": ["21691"]}, {"id": "11196", "label": "Frukt & n\u00f6tmix Royal", "self": "https://api.matsmart.se/api/v1.0/product-displays/11196", "brand": "517", "brand_name": "Delian", "categories": [], "created": "1479380084", "exclude_from_list": null, "product_info": null, "market": "NO", "products": [{"id": "2995", "label": "UTG\u00c5ENDE Frukt &amp; n\u00f6tmix Royal", "self": "https://api.matsmart.se/api/v1.0/products/2995", "best_before": "1447974000", "product_contents": [{"id": "5957", "self": "https://cdn1.matsmart.se/sites/se/files/product_contents/royal_back.jpg", "filemime": "image/jpeg", "filesize": "19085", "width": "800", "height": "200", "styles": ""}], "sku": "8680468011866", "gtin": "", "images": [{"id": "5956", "self": "https://cdn1.matsmart.se/sites/se/files/products/royal_front.jpg", "filemime": "image/jpeg", "filesize": "26461", "width": "800", "height": "800", "styles": {"product_full": "https://cdn1.matsmart.se/sites/se/files/styles/product_full/public/products/royal_front.jpg?itok=l8CI-SNK", "product_full_2x": "https://cdn1.matsmart.se/sites/se/files/styles/product_full_2x/public/products/royal_front.jpg?itok=K6FQZcqB", "product_teaser": "https://cdn1.matsmart.se/sites/se/files/styles/product_teaser/public/products/royal_front.jpg?itok=2WHhlByF", "product_teaser_2x": "https://cdn1.matsmart.se/sites/se/files/styles/product_teaser_2x/public/products/royal_front.jpg?itok=Q85oGLJW", "product_zoom": "https://cdn1.matsmart.se/sites/se/files/styles/product_zoom/public/products/royal_front.jpg?itok=UiWN-EEC"}}], "max_purchase": "", "prices": {"comparison_price": "83.33 kr/kg", "price": {"amount": "1000", "currency_code": "SEK", "data": {"components": []}}, "old_price": {"amount": "1990", "currency_code": "SEK", "data": {"components": []}}, "price_table": {"amount": "600", "currency_code": "SEK", "min_qty": "5", "max_qty": "-1", "data": {"components": []}}}, "size": "120g", "status": "1", "stock": 0, "vat_rate": "se_intermediate", "volume": {"length": "16.00000", "width": "9.00000", "height": "6.00000", "unit": "cm"}, "weight": {"weight": "124.00000", "unit": "g"}, "product_category": null, "suppliers": [], "seasonal_themes": []}], "published": "0", "status": "0", "sticky": "0", "tags": []}, {"id": "11401", "label": "Chun Me L\u00f6ste", "self": "https://api.matsmart.se/api/v1.0/product-displays/11401", "brand": "2103", "brand_name": "Qi teas", "categories": [], "created": "1479380084", "exclude_from_list": null, "product_info": null, "market": "NO", "products": [{"id": "3202", "label": "UTG\u00c5ENDE Chun Me L\u00f6ste", "self": "https://api.matsmart.se/api/v1.0/products/3202", "best_before": "1445900400", "product_contents": [{"id": "6492", "self": "https://cdn3.matsmart.se/sites/se/files/product_contents/grontte_back.jpg", "filemime": "image/jpeg", "filesize": "5812", "width": "800", "height": "77", "styles": ""}], "sku": "653783000097", "gtin": "", "images": [{"id": "6491", "self": "https://cdn3.matsmart.se/sites/se/files/products/grontte_front.jpg", "filemime": "image/jpeg", "filesize": "37679", "width": "800", "height": "800", "styles": {"product_full": "https://cdn3.matsmart.se/sites/se/files/styles/product_full/public/products/grontte_front.jpg?itok=EpcLOpq4", "product_full_2x": "https://cdn3.matsmart.se/sites/se/files/styles/product_full_2x/public/products/grontte_front.jpg?itok=FBH2isdP", "product_teaser": "https://cdn3.matsmart.se/sites/se/files/styles/product_teaser/public/products/grontte_front.jpg?itok=BmoXNP21", "product_teaser_2x": "https://cdn3.matsmart.se/sites/se/files/styles/product_teaser_2x/public/products/grontte_front.jpg?itok=pS0WxK05", "product_zoom": "https://cdn3.matsmart.se/sites/se/files/styles/product_zoom/public/products/grontte_front.jpg?itok=BBMWX2du"}}], "max_purchase": "", "prices": {"comparison_price": "150 kr/kg", "price": {"amount": "1500", "currency_code": "SEK", "data": {"components": []}}, "old_price": {"amount": "2990", "currency_code": "SEK", "data": {"components": []}}}, "size": "100g", "status": "1", "stock": 0, "vat_rate": "se_intermediate", "volume": {"length": "7.50000", "width": "6.50000", "height": "13.00000", "unit": "cm"}, "weight": {"weight": "124.00000", "unit": "g"}, "product_category": null, "suppliers": [], "seasonal_themes": []}], "published": "0", "status": "0", "sticky": "0", "tags": []}, {"id": "13091", "label": "Cheesecake Lakrits Romb", "self": "https://api.matsmart.se/api/v1.0/product-displays/13091", "brand": "2038", "brand_name": "Bubs", "categories": [], "created": "1479380084", "exclude_from_list": null, "product_info": null, "market": "NO", "products": [{"id": "4895", "label": "UTG\u00c5ENDE Cheesecake Lakrits Romb 1,4 kg", "self": "https://api.matsmart.se/api/v1.0/products/4895", "best_before": "1490911200", "product_contents": [{"id": "9926", "self": "https://cdn4.matsmart.se/sites/se/files/product_contents/cheescake_lakrits_romb_innehall.jpg", "filemime": "image/jpeg", "filesize": "165253", "width": "800", "height": "800", "styles": ""}], "sku": "7393077060644", "gtin": "", "images": [{"id": "10527", "self": "https://cdn2.matsmart.se/sites/se/files/products/cheesekake_lakrits_romb_0.jpg", "filemime": "image/jpeg", "filesize": "327460", "width": "800", "height": "800", "styles": {"product_full": "https://cdn2.matsmart.se/sites/se/files/styles/product_full/public/products/cheesekake_lakrits_romb_0.jpg?itok=I9unMLbI", "product_full_2x": "https://cdn2.matsmart.se/sites/se/files/styles/product_full_2x/public/products/cheesekake_lakrits_romb_0.jpg?itok=KTAapUlZ", "product_teaser": "https://cdn2.matsmart.se/sites/se/files/styles/product_teaser/public/products/cheesekake_lakrits_romb_0.jpg?itok=uUUu5kcc", "product_teaser_2x": "https://cdn2.matsmart.se/sites/se/files/styles/product_teaser_2x/public/products/cheesekake_lakrits_romb_0.jpg?itok=Vd01CVrr", "product_zoom": "https://cdn2.matsmart.se/sites/se/files/styles/product_zoom/public/products/cheesekake_lakrits_romb_0.jpg?itok=CRt1v0KR"}}], "max_purchase": "", "prices": {"comparison_price": "35,00 kr/kg", "price": {"amount": "4900", "currency_code": "SEK", "data": {"components": []}}, "old_price": {"amount": "9900", "currency_code": "SEK", "data": {"components": []}}}, "size": "1.4 kg", "status": "1", "stock": 0, "vat_rate": "se_intermediate", "volume": {"length": "19.50000", "width": "19.50000", "height": "12.00000", "unit": "cm"}, "weight": {"weight": "1512.00000", "unit": "g"}, "product_category": null, "suppliers": [], "seasonal_themes": []}], "published": "0", "status": "0", "sticky": "0", "tags": []}, {"id": "13206", "label": "Hockeypulver Supersurt", "self": "https://api.matsmart.se/api/v1.0/product-displays/13206", "brand": "1249", "brand_name": "Haugen-gruppen", "categories": [], "created": "1479380084", "exclude_from_list": null, "product_info": null, "market": "NO", "products": [{"id": "5010", "label": "UTG\u00c5ENDE Hel l\u00e5da - Hockeypulver Supersurt", "self": "https://api.matsmart.se/api/v1.0/products/5010", "best_before": "1462399200", "product_contents": [{"id": "9637", "self": "https://cdn3.matsmart.se/sites/se/files/product_contents/hockeypulver_innehall.jpg", "filemime": "image/jpeg", "filesize": "165299", "width": "800", "height": "800", "styles": ""}], "sku": "7392257032891", "gtin": "", "images": [{"id": "9636", "self": "https://cdn1.matsmart.se/sites/se/files/products/hockey_pulver.jpg", "filemime": "image/jpeg", "filesize": "359450", "width": "800", "height": "800", "styles": {"product_full": "https://cdn1.matsmart.se/sites/se/files/styles/product_full/public/products/hockey_pulver.jpg?itok=R3l0jt0A", "product_full_2x": "https://cdn1.matsmart.se/sites/se/files/styles/product_full_2x/public/products/hockey_pulver.jpg?itok=6tlSuCvi", "product_teaser": "https://cdn1.matsmart.se/sites/se/files/styles/product_teaser/public/products/hockey_pulver.jpg?itok=3zA-qWRh", "product_teaser_2x": "https://cdn1.matsmart.se/sites/se/files/styles/product_teaser_2x/public/products/hockey_pulver.jpg?itok=nhpjIRPK", "product_zoom": "https://cdn1.matsmart.se/sites/se/files/styles/product_zoom/public/products/hockey_pulver.jpg?itok=bs7t0yNF"}}], "max_purchase": "", "prices": {"comparison_price": "137.50 kr/kg", "price": {"amount": "9900", "currency_code": "SEK", "data": {"components": []}}, "old_price": {"amount": "40000", "currency_code": "SEK", "data": {"components": []}}}, "size": "60x12g", "status": "1", "stock": 0, "vat_rate": "se_intermediate", "volume": {"length": "16.50000", "width": "14.50000", "height": "15.00000", "unit": "cm"}, "weight": {"weight": "1218.00000", "unit": "g"}, "product_category": null, "suppliers": [], "seasonal_themes": []}], "published": "0", "status": "0", "sticky": "0", "tags": []}, {"id": "14821", "label": "Cashew- & Mangobar", "self": "https://api.matsmart.se/api/v1.0/product-displays/14821", "brand": "4531", "brand_name": "Smiling", "categories": ["9045"], "created": "1479380084", "exclude_from_list": null, "product_info": "En naturlig, \u00f8kologisk og FairTrade-merket bar. Best\u00e5r av t\u00f8rket frukt, cashewn\u00f8tter samt litt havre for teksturens skyld. Rik p\u00e5 vitaminer, mineraler og fiber. N\u00e5r du velger et produkt fra Smiling bidrar du til \u00e5 skape utvikling i utviklingsland. Bra for deg og bra for bonden.", "market": "NO", "products": [{"id": "6632", "label": "UTG\u00c5ENDE Smiling Cashew/Mango bar (Fairtrade och Eko)   ", "self": "https://api.matsmart.se/api/v1.0/products/6632", "best_before": "1511478000", "product_contents": [{"id": "16365", "self": "https://cdn3.matsmart.se/sites/se/files/product_contents/smiling_mango_bar_cashew_innehall.png", "filemime": "image/png", "filesize": "42108", "width": "420", "height": "304", "styles": ""}], "sku": "7350071470121", "gtin": null, "images": [{"id": "12698", "self": "https://cdn2.matsmart.se/sites/se/files/products/smiling_cashew_mango_bar.jpg", "filemime": "image/jpeg", "filesize": "202945", "width": "800", "height": "800", "styles": {"product_full": "https://cdn2.matsmart.se/sites/se/files/styles/product_full/public/products/smiling_cashew_mango_bar.jpg?itok=AiqhJ8Wc", "product_full_2x": "https://cdn2.matsmart.se/sites/se/files/styles/product_full_2x/public/products/smiling_cashew_mango_bar.jpg?itok=A7xgg2aU", "product_teaser": "https://cdn2.matsmart.se/sites/se/files/styles/product_teaser/public/products/smiling_cashew_mango_bar.jpg?itok=q8YC6C1H", "product_teaser_2x": "https://cdn2.matsmart.se/sites/se/files/styles/product_teaser_2x/public/products/smiling_cashew_mango_bar.jpg?itok=Le7UppwZ", "product_zoom": "https://cdn2.matsmart.se/sites/se/files/styles/product_zoom/public/products/smiling_cashew_mango_bar.jpg?itok=QREhMBx6"}}], "max_purchase": "", "prices": {"comparison_price": "280,00 kr/kg", "price": {"amount": "1400", "currency_code": "SEK", "data": {"components": []}}, "old_price": {"amount": "1790", "currency_code": "SEK", "data": {"components": []}}, "price_table": {"amount": "990", "currency_code": "SEK", "min_qty": "10", "max_qty": "-1", "data": {"components": []}}}, "size": "50g", "status": "1", "stock": 0, "vat_rate": "se_intermediate", "volume": {"length": "10.00000", "width": "3.50000", "height": "1.50000", "unit": "cm"}, "weight": {"weight": "51.00000", "unit": "g"}, "product_category": null, "suppliers": [], "seasonal_themes": []}], "published": "0", "status": "0", "sticky": "0", "tags": ["9435"]}, {"id": "8548", "label": "Pringles Salt&peppar", "self": "https://api.matsmart.se/api/v1.0/product-displays/8548", "brand": "23", "brand_name": "Pringles", "categories": [], "created": "1479380084", "exclude_from_list": null, "product_info": null, "market": "NO", "products": [{"id": "319", "label": "UTG\u00c5ENDE Pringles Salt&amp;peppar", "self": "https://api.matsmart.se/api/v1.0/products/319", "best_before": "1398808800", "product_contents": [{"id": "645", "self": "https://cdn1.matsmart.se/sites/se/files/product_contents/pringles-salt-och-peppar-innehall.jpg", "filemime": "image/jpeg", "filesize": "815718", "width": "724", "height": "800", "styles": ""}], "sku": "5410076079384", "gtin": null, "images": [{"id": "644", "self": "https://cdn1.matsmart.se/sites/se/files/products/pringles-salt-och-peppar.jpg", "filemime": "image/jpeg", "filesize": "256847", "width": "800", "height": "800", "styles": {"product_full": "https://cdn1.matsmart.se/sites/se/files/styles/product_full/public/products/pringles-salt-och-peppar.jpg?itok=sAkoRF79", "product_full_2x": "https://cdn1.matsmart.se/sites/se/files/styles/product_full_2x/public/products/pringles-salt-och-peppar.jpg?itok=C0igsYpi", "product_teaser": "https://cdn1.matsmart.se/sites/se/files/styles/product_teaser/public/products/pringles-salt-och-peppar.jpg?itok=fYJ9qvtz", "product_teaser_2x": "https://cdn1.matsmart.se/sites/se/files/styles/product_teaser_2x/public/products/pringles-salt-och-peppar.jpg?itok=zcTICMHr", "product_zoom": "https://cdn1.matsmart.se/sites/se/files/styles/product_zoom/public/products/pringles-salt-och-peppar.jpg?itok=nPvDpBcQ"}}], "max_purchase": "", "prices": {"price": {"amount": "1000", "currency_code": "SEK", "data": {"components": []}}, "old_price": {"amount": "1990", "currency_code": "SEK", "data": {"components": []}}}, "size": "190g", "status": "0", "stock": 0, "vat_rate": "se_intermediate", "volume": {"length": "26.00000", "width": "8.00000", "height": "8.00000", "unit": "cm"}, "weight": {"weight": "246.00000", "unit": "g"}, "product_category": null, "suppliers": [], "seasonal_themes": []}], "published": "0", "status": "0", "sticky": "0", "tags": []}, {"id": "9968", "label": "Gummi Candy Bananas", "self": "https://api.matsmart.se/api/v1.0/product-displays/9968", "brand": "990", "brand_name": "Trolli", "categories": [], "created": "1479380084", "exclude_from_list": null, "product_info": null, "market": "NO", "products": [{"id": "1761", "label": "UTG\u00c5ENDE Gummi Candy Bananas", "self": "https://api.matsmart.se/api/v1.0/products/1761", "best_before": "1392159600", "product_contents": [{"id": "3415", "self": "https://cdn1.matsmart.se/sites/se/files/product_contents/trolli_banan_back.jpg", "filemime": "image/jpeg", "filesize": "81854", "width": "604", "height": "800", "styles": ""}], "sku": "4000512733195", "gtin": null, "images": [{"id": "3414", "self": "https://cdn3.matsmart.se/sites/se/files/products/trolli_bananer.jpg", "filemime": "image/jpeg", "filesize": "61892", "width": "800", "height": "800", "styles": {"product_full": "https://cdn3.matsmart.se/sites/se/files/styles/product_full/public/products/trolli_bananer.jpg?itok=RU6yu7be", "product_full_2x": "https://cdn3.matsmart.se/sites/se/files/styles/product_full_2x/public/products/trolli_bananer.jpg?itok=tzv-4UA-", "product_teaser": "https://cdn3.matsmart.se/sites/se/files/styles/product_teaser/public/products/trolli_bananer.jpg?itok=CGHnRzmF", "product_teaser_2x": "https://cdn3.matsmart.se/sites/se/files/styles/product_teaser_2x/public/products/trolli_bananer.jpg?itok=prLIUako", "product_zoom": "https://cdn3.matsmart.se/sites/se/files/styles/product_zoom/public/products/trolli_bananer.jpg?itok=IoJeONph"}}], "max_purchase": "", "prices": {"comparison_price": "20 kr/kg", "price": {"amount": "2000", "currency_code": "SEK", "data": {"components": []}}, "old_price": {"amount": "5990", "currency_code": "SEK", "data": {"components": []}}}, "size": "1 kg", "status": "1", "stock": 0, "vat_rate": "se_intermediate", "volume": {"length": "30.00000", "width": "22.00000", "height": "6.00000", "unit": "cm"}, "weight": {"weight": "1015.00000", "unit": "g"}, "product_category": null, "suppliers": [], "seasonal_themes": []}], "published": "0", "status": "0", "sticky": "0", "tags": []}, {"id": "145781", "label": "Proteingr\u00f6t \"Oat, Apple, Cinnamon & Chia\" 100g", "self": "https://api.matsmart.se/api/v1.0/product-displays/145781", "brand": "15281", "brand_name": "Puls", "categories": ["14991"], "created": "1566199732", "exclude_from_list": true, "product_info": "Proteingr\u00f6t med havre, \u00e4pple, kanel och chiafr\u00f6n. Fiberrik, proteinrik och l\u00e5gt sockerinneh\u00e5ll. Utm\u00e4rkt som frukost eller mellanm\u00e5l f\u00f6r idrottaren!", "market": "SE", "products": [{"id": "46886", "label": "Pul Protein porridge Apple Cinnamon Chia 100g", "self": "https://api.matsmart.se/api/v1.0/products/46886", "best_before": "1585519200", "product_contents": [{"id": "190786", "self": "https://cdn4.matsmart.se/sites/se/files/product_contents/puuro_puls_oat_apple_cinnamon_chia_innehall.jpg", "filemime": "image/jpeg", "filesize": "472109", "width": "800", "height": "800", "styles": ""}], "sku": "MS104807", "gtin": "6430056591537", "images": [{"id": "190781", "self": "https://cdn2.matsmart.se/sites/se/files/products/puls_puuro_apple_cinnamon_chia.jpg", "filemime": "image/jpeg", "filesize": "328000", "width": "800", "height": "800", "styles": {"product_full": "https://cdn2.matsmart.se/sites/se/files/styles/product_full/public/products/puls_puuro_apple_cinnamon_chia.jpg?itok=J0oi4qjs", "product_full_2x": "https://cdn2.matsmart.se/sites/se/files/styles/product_full_2x/public/products/puls_puuro_apple_cinnamon_chia.jpg?itok=ywg0Ds58", "product_teaser": "https://cdn2.matsmart.se/sites/se/files/styles/product_teaser/public/products/puls_puuro_apple_cinnamon_chia.jpg?itok=bwT2hlYt", "product_teaser_2x": "https://cdn2.matsmart.se/sites/se/files/styles/product_teaser_2x/public/products/puls_puuro_apple_cinnamon_chia.jpg?itok=90MfRKUD", "product_zoom": "https://cdn2.matsmart.se/sites/se/files/styles/product_zoom/public/products/puls_puuro_apple_cinnamon_chia.jpg?itok=HbGF9pIH"}}], "max_purchase": "", "prices": {"comparison_price": "190,00 kr/kg", "price": {"amount": "1900", "currency_code": "SEK", "data": {"components": []}}, "old_price": {"amount": "2490", "currency_code": "SEK", "data": {"components": []}}}, "size": "100g", "status": "1", "stock": 0, "vat_rate": "se_intermediate", "volume": {"length": "8.50000", "width": "8.50000", "height": "9.50000", "unit": "cm"}, "weight": {"weight": "117.00000", "unit": "g"}, "product_category": "21196", "suppliers": [], "seasonal_themes": []}], "published": "0", "status": "0", "sticky": "0", "tags": ["9398", "16901"]}, {"id": "145856", "label": "Eko Quinoaflingor 250g", "self": "https://api.matsmart.se/api/v1.0/product-displays/145856", "brand": "9186", "brand_name": "Biofood", "categories": ["14951"], "created": "1544190875", "exclude_from_list": null, "product_info": "Glutenfria och ekologiska quinoaflingor. Anv\u00e4nd i gr\u00f6t, m\u00fcsli eller bakning!", "market": "SE", "products": [{"id": "46911", "label": "Eko Quinoaflingor", "self": "https://api.matsmart.se/api/v1.0/products/46911", "best_before": "1545951600", "product_contents": [{"id": "191466", "self": "https://cdn4.matsmart.se/sites/se/files/product_contents/biofood_quinoaflingor_innehall.jpg", "filemime": "image/jpeg", "filesize": "207543", "width": "800", "height": "800", "styles": ""}], "sku": "MS104812", "gtin": "7330137017873", "images": [{"id": "191461", "self": "https://cdn1.matsmart.se/sites/se/files/products/biofood_quinoaflingor.jpg", "filemime": "image/jpeg", "filesize": "295505", "width": "800", "height": "800", "styles": {"product_full": "https://cdn1.matsmart.se/sites/se/files/styles/product_full/public/products/biofood_quinoaflingor.jpg?itok=rJnogNN6", "product_full_2x": "https://cdn1.matsmart.se/sites/se/files/styles/product_full_2x/public/products/biofood_quinoaflingor.jpg?itok=564Xi_AI", "product_teaser": "https://cdn1.matsmart.se/sites/se/files/styles/product_teaser/public/products/biofood_quinoaflingor.jpg?itok=1bzJ3FDZ", "product_teaser_2x": "https://cdn1.matsmart.se/sites/se/files/styles/product_teaser_2x/public/products/biofood_quinoaflingor.jpg?itok=d1U5zBny", "product_zoom": "https://cdn1.matsmart.se/sites/se/files/styles/product_zoom/public/products/biofood_quinoaflingor.jpg?itok=aP4ExJ-f"}}], "max_purchase": "", "prices": {"comparison_price": "76,00 kr/kg", "price": {"amount": "1900", "currency_code": "SEK", "data": {"components": []}}, "old_price": {"amount": "2950", "currency_code": "SEK", "data": {"components": []}}}, "size": "250g", "status": "1", "stock": 0, "vat_rate": "se_intermediate", "volume": {"length": "13.50000", "width": "9.50000", "height": "6.50000", "unit": "cm"}, "weight": {"weight": "261.00000", "unit": "g"}, "product_category": null, "suppliers": [], "seasonal_themes": []}], "published": "0", "status": "0", "sticky": "0", "tags": ["679"]}, {"id": "145931", "label": "Eko Quinoa \"Moroccan Mint\" 210g", "self": "https://api.matsmart.se/api/v1.0/product-displays/145931", "brand": "15306", "brand_name": "Paul's Finest", "categories": ["14926"], "created": "1544192956", "exclude_from_list": null, "product_info": "Ekologisk f\u00e4rdigr\u00e4tt p\u00e5 quinoa och gr\u00f6nsaker!", "market": "SE", "products": [{"id": "46936", "label": "Eko Quinoa Lunchpack Marockansk Mynta", "self": "https://api.matsmart.se/api/v1.0/products/46936", "best_before": "1548889200", "product_contents": [{"id": "191486", "self": "https://cdn4.matsmart.se/sites/se/files/product_contents/pauls_finest_quina_moroccan_mint_innehall.jpg", "filemime": "image/jpeg", "filesize": "213128", "width": "800", "height": "800", "styles": ""}], "sku": "MS104817", "gtin": "8718885745948", "images": [{"id": "191481", "self": "https://cdn2.matsmart.se/sites/se/files/products/pauls_finest_quinoa_moroccan_mint.jpg", "filemime": "image/jpeg", "filesize": "415787", "width": "800", "height": "800", "styles": {"product_full": "https://cdn2.matsmart.se/sites/se/files/styles/product_full/public/products/pauls_finest_quinoa_moroccan_mint.jpg?itok=VN9hoyHn", "product_full_2x": "https://cdn2.matsmart.se/sites/se/files/styles/product_full_2x/public/products/pauls_finest_quinoa_moroccan_mint.jpg?itok=819q5muM", "product_teaser": "https://cdn2.matsmart.se/sites/se/files/styles/product_teaser/public/products/pauls_finest_quinoa_moroccan_mint.jpg?itok=Mjp69HzR", "product_teaser_2x": "https://cdn2.matsmart.se/sites/se/files/styles/product_teaser_2x/public/products/pauls_finest_quinoa_moroccan_mint.jpg?itok=dwuSXZ21", "product_zoom": "https://cdn2.matsmart.se/sites/se/files/styles/product_zoom/public/products/pauls_finest_quinoa_moroccan_mint.jpg?itok=3H4SfdBX"}}], "max_purchase": "", "prices": {"comparison_price": "71,42 kr/kg", "price": {"amount": "1500", "currency_code": "SEK", "data": {"components": []}}, "old_price": {"amount": "2700", "currency_code": "SEK", "data": {"components": []}}}, "size": "210g", "status": "1", "stock": 0, "vat_rate": "se_intermediate", "volume": {"length": "10.50000", "width": "9.50000", "height": "10.00000", "unit": "cm"}, "weight": {"weight": "241.00000", "unit": "g"}, "product_category": null, "suppliers": [], "seasonal_themes": []}], "published": "0", "status": "0", "sticky": "0", "tags": ["679", "9398"]}, {"id": "148076", "label": "Kn\u00e4ckebr\u00f6d Quinoa & Teff 245g", "self": "https://api.matsmart.se/api/v1.0/product-displays/148076", "brand": "2023", "brand_name": "Wasa", "categories": ["14971"], "created": "1544431175", "exclude_from_list": null, "product_info": "Krispigt kn\u00e4ckebr\u00f6d med quinoa och teff. \u00c4t med ditt favoritp\u00e5l\u00e4gg!", "market": "SE", "products": [{"id": "47651", "label": "Quinoa &amp; Teff", "self": "https://api.matsmart.se/api/v1.0/products/47651", "best_before": "1556575200", "product_contents": [{"id": "191516", "self": "https://cdn2.matsmart.se/sites/se/files/product_contents/wasa_quinoa_teff_innehall.jpg", "filemime": "image/jpeg", "filesize": "353754", "width": "800", "height": "800", "styles": ""}], "sku": "MS104960", "gtin": "7300400482011", "images": [{"id": "191511", "self": "https://cdn4.matsmart.se/sites/se/files/products/wasa_quinoa_teff.jpg", "filemime": "image/jpeg", "filesize": "407886", "width": "800", "height": "800", "styles": {"product_full": "https://cdn4.matsmart.se/sites/se/files/styles/product_full/public/products/wasa_quinoa_teff.jpg?itok=_pKw35N2", "product_full_2x": "https://cdn4.matsmart.se/sites/se/files/styles/product_full_2x/public/products/wasa_quinoa_teff.jpg?itok=ByLbSmlQ", "product_teaser": "https://cdn4.matsmart.se/sites/se/files/styles/product_teaser/public/products/wasa_quinoa_teff.jpg?itok=cpm5K9fO", "product_teaser_2x": "https://cdn4.matsmart.se/sites/se/files/styles/product_teaser_2x/public/products/wasa_quinoa_teff.jpg?itok=5hFoFku0", "product_zoom": "https://cdn4.matsmart.se/sites/se/files/styles/product_zoom/public/products/wasa_quinoa_teff.jpg?itok=SF4mK6wD"}}], "max_purchase": "", "prices": {"comparison_price": "61,22 kr/kg", "price": {"amount": "1500", "currency_code": "SEK", "data": {"components": []}}, "old_price": {"amount": "3295", "currency_code": "SEK", "data": {"components": []}}}, "size": "245g", "status": "1", "stock": 0, "vat_rate": "se_intermediate", "volume": {"length": "14.00000", "width": "12.50000", "height": "7.50000", "unit": "cm"}, "weight": {"weight": "280.00000", "unit": "g"}, "product_category": null, "suppliers": [], "seasonal_themes": []}], "published": "0", "status": "0", "sticky": "0", "tags": []}, {"id": "150596", "label": "Eko Havregryn 500g", "self": "https://api.matsmart.se/api/v1.0/product-displays/150596", "brand": "978", "brand_name": "Kung Markatta", "categories": ["14951"], "created": "1547893943", "exclude_from_list": null, "product_info": "Ekologiska havregryn. Utm\u00e4rkt till gr\u00f6t eller bakning!", "market": "SE", "products": [{"id": "48556", "label": "Kung Markatta Havregryn  500g EKO KRAV", "self": "https://api.matsmart.se/api/v1.0/products/48556", "best_before": "1553814000", "product_contents": [{"id": "201006", "self": "https://cdn2.matsmart.se/sites/se/files/product_contents/kung_markatta_havregryn_innehall.jpg", "filemime": "image/jpeg", "filesize": "268131", "width": "800", "height": "800", "styles": ""}], "sku": "MS105118", "gtin": "7391835920032", "images": [{"id": "201001", "self": "https://cdn3.matsmart.se/sites/se/files/products/kung_markatta_havregryn.jpg", "filemime": "image/jpeg", "filesize": "502896", "width": "800", "height": "800", "styles": {"product_full": "https://cdn3.matsmart.se/sites/se/files/styles/product_full/public/products/kung_markatta_havregryn.jpg?itok=ySP2cVOQ", "product_full_2x": "https://cdn3.matsmart.se/sites/se/files/styles/product_full_2x/public/products/kung_markatta_havregryn.jpg?itok=e3US2fAZ", "product_teaser": "https://cdn3.matsmart.se/sites/se/files/styles/product_teaser/public/products/kung_markatta_havregryn.jpg?itok=TNddUZ0l", "product_teaser_2x": "https://cdn3.matsmart.se/sites/se/files/styles/product_teaser_2x/public/products/kung_markatta_havregryn.jpg?itok=d4iyzzJp", "product_zoom": "https://cdn3.matsmart.se/sites/se/files/styles/product_zoom/public/products/kung_markatta_havregryn.jpg?itok=M1B9ARLl"}}], "max_purchase": "", "prices": {"comparison_price": "20,00 kr/kg", "price": {"amount": "1000", "currency_code": "SEK", "data": {"components": []}}, "old_price": {"amount": "1790", "currency_code": "SEK", "data": {"components": []}}}, "size": "500g", "status": "1", "stock": 0, "vat_rate": "se_intermediate", "volume": {"length": "14.50000", "width": "6.00000", "height": "23.00000", "unit": "cm"}, "weight": {"weight": "520.00000", "unit": "g"}, "product_category": null, "suppliers": [], "seasonal_themes": []}], "published": "0", "status": "0", "sticky": "0", "tags": ["679"]}, {"id": "151111", "label": "R\u00e5gkn\u00e4ckebr\u00f6d Red Quinoa & Sesame", "self": "https://api.matsmart.se/api/v1.0/product-displays/151111", "brand": "5952", "brand_name": "Ryvita", "categories": ["14971"], "created": "1582270927", "exclude_from_list": true, "product_info": "R\u00e5gkn\u00e4cke med \u00e4rtprotein, quinoafr\u00f6n och sesamfr\u00f6n. Kn\u00e4ckebr\u00f6det \u00e4r proteinrikt och fiberrikt.", "market": "SE", "products": [{"id": "48776", "label": "Ryvita n\u00e4kkileip\u00e4 pun.kvinoa &amp; seesami 200g", "self": "https://api.matsmart.se/api/v1.0/products/48776", "best_before": "1587765600", "product_contents": [{"id": "201426", "self": "https://cdn1.matsmart.se/sites/se/files/product_contents/ryvita_protein_red_quinoa_sesame_innehall.jpg", "filemime": "image/jpeg", "filesize": "500355", "width": "800", "height": "800", "styles": ""}], "sku": "MS105148", "gtin": "5050974713319", "images": [{"id": "201421", "self": "https://cdn3.matsmart.se/sites/se/files/products/ryvita_protein_red_quinoa_sesame.jpg", "filemime": "image/jpeg", "filesize": "474071", "width": "800", "height": "800", "styles": {"product_full": "https://cdn3.matsmart.se/sites/se/files/styles/product_full/public/products/ryvita_protein_red_quinoa_sesame.jpg?itok=xZhS63Yg", "product_full_2x": "https://cdn3.matsmart.se/sites/se/files/styles/product_full_2x/public/products/ryvita_protein_red_quinoa_sesame.jpg?itok=X-SolW6d", "product_teaser": "https://cdn3.matsmart.se/sites/se/files/styles/product_teaser/public/products/ryvita_protein_red_quinoa_sesame.jpg?itok=L5hxTTeg", "product_teaser_2x": "https://cdn3.matsmart.se/sites/se/files/styles/product_teaser_2x/public/products/ryvita_protein_red_quinoa_sesame.jpg?itok=uK3HRFds", "product_zoom": "https://cdn3.matsmart.se/sites/se/files/styles/product_zoom/public/products/ryvita_protein_red_quinoa_sesame.jpg?itok=Q4nyAyfH"}}], "max_purchase": "", "prices": {"comparison_price": "75,00 kr/kg", "price": {"amount": "1500", "currency_code": "SEK", "data": {"components": []}}, "old_price": {"amount": "2250", "currency_code": "SEK", "data": {"components": []}}, "price_table": {"amount": "1250", "currency_code": "SEK", "min_qty": "2", "max_qty": "-1", "data": {"components": []}}}, "size": "200g", "status": "1", "stock": 0, "vat_rate": "se_intermediate", "volume": {"length": "17.00000", "width": "7.00000", "height": "11.50000", "unit": "cm"}, "weight": {"weight": "255.00000", "unit": "g"}, "product_category": "20751", "suppliers": [], "seasonal_themes": []}], "published": "0", "status": "0", "sticky": "0", "tags": ["22361", "22401", "18556"]}, {"id": "151141", "label": "Bovete Honung 150g", "self": "https://api.matsmart.se/api/v1.0/product-displays/151141", "brand": "15451", "brand_name": "Peak's", "categories": [], "created": "1545105602", "exclude_from_list": null, "product_info": null, "market": "SE", "products": [{"id": "48786", "label": "Peak&#039;s Puffed buckwheat honey gton hun-tat.muro 150g", "self": "https://api.matsmart.se/api/v1.0/products/48786", "best_before": "1551394800", "product_contents": [{"id": "201486", "self": "https://cdn3.matsmart.se/sites/se/files/product_contents/peaks_puffed_buckwheat_innehall.jpg", "filemime": "image/jpeg", "filesize": "485220", "width": "800", "height": "800", "styles": ""}], "sku": "MS105150", "gtin": "8717371160760", "images": [{"id": "201756", "self": "https://cdn2.matsmart.se/sites/se/files/products/buckwheat.jpg", "filemime": "image/jpeg", "filesize": "300448", "width": "800", "height": "800", "styles": {"product_full": "https://cdn2.matsmart.se/sites/se/files/styles/product_full/public/products/buckwheat.jpg?itok=bCmR8fzW", "product_full_2x": "https://cdn2.matsmart.se/sites/se/files/styles/product_full_2x/public/products/buckwheat.jpg?itok=1So173GG", "product_teaser": "https://cdn2.matsmart.se/sites/se/files/styles/product_teaser/public/products/buckwheat.jpg?itok=mGIw6V46", "product_teaser_2x": "https://cdn2.matsmart.se/sites/se/files/styles/product_teaser_2x/public/products/buckwheat.jpg?itok=chijjSdy", "product_zoom": "https://cdn2.matsmart.se/sites/se/files/styles/product_zoom/public/products/buckwheat.jpg?itok=bd-kK5Rm"}}], "max_purchase": "", "prices": {"price": {"amount": "2500", "currency_code": "SEK", "data": {"components": []}}}, "size": "150g", "status": "1", "stock": 0, "vat_rate": "se_intermediate", "volume": {"length": "12.00000", "width": "7.00000", "height": "26.00000", "unit": "cm"}, "weight": {"weight": "165.00000", "unit": "g"}, "product_category": null, "suppliers": [], "seasonal_themes": []}], "published": "0", "status": "0", "sticky": "0", "tags": []}, {"id": "151801", "label": "Eko Hel L\u00e5da Barnmat Morot & Quinoa 6 x 120g", "self": "https://api.matsmart.se/api/v1.0/product-displays/151801", "brand": "12481", "brand_name": "Organix", "categories": ["729", "566"], "created": "1557487784", "exclude_from_list": null, "product_info": "Sex burkar ekologisk barnmat som endast inneh\u00e5ller mor\u00f6tter och quinoa. F\u00f6r barn fr\u00e5n sex m\u00e5nader och upp\u00e5t.", "market": "SE", "products": [{"id": "49056", "label": "6-pack ECO Organix Carrot/quinoa 6M 120g", "self": "https://api.matsmart.se/api/v1.0/products/49056", "best_before": "1558994400", "product_contents": [{"id": "202731", "self": "https://cdn4.matsmart.se/sites/se/files/product_contents/organix_just_carrot_quinoa_innehall.jpg", "filemime": "image/jpeg", "filesize": "281646", "width": "800", "height": "800", "styles": ""}], "sku": "MS105189", "gtin": "17310100747249", "images": [{"id": "202726", "self": "https://cdn1.matsmart.se/sites/se/files/products/hl_organix_just_carrot_quinoa.jpg", "filemime": "image/jpeg", "filesize": "283621", "width": "800", "height": "800", "styles": {"product_full": "https://cdn1.matsmart.se/sites/se/files/styles/product_full/public/products/hl_organix_just_carrot_quinoa.jpg?itok=HyeT6bJm", "product_full_2x": "https://cdn1.matsmart.se/sites/se/files/styles/product_full_2x/public/products/hl_organix_just_carrot_quinoa.jpg?itok=cIV6vSa_", "product_teaser": "https://cdn1.matsmart.se/sites/se/files/styles/product_teaser/public/products/hl_organix_just_carrot_quinoa.jpg?itok=HdVEshzH", "product_teaser_2x": "https://cdn1.matsmart.se/sites/se/files/styles/product_teaser_2x/public/products/hl_organix_just_carrot_quinoa.jpg?itok=PhYh_K31", "product_zoom": "https://cdn1.matsmart.se/sites/se/files/styles/product_zoom/public/products/hl_organix_just_carrot_quinoa.jpg?itok=loqWDK9T"}}], "max_purchase": "10", "prices": {"comparison_price": "13,89 kr/kg", "price": {"amount": "0", "currency_code": "SEK", "data": {"components": []}}, "old_price": {"amount": "6500", "currency_code": "SEK", "data": {"components": []}}}, "size": "6 x 120g", "status": "1", "stock": 0, "vat_rate": "se_intermediate", "volume": {"length": "20.00000", "width": "14.00000", "height": "9.00000", "unit": "cm"}, "weight": {"weight": "1330.00000", "unit": "g"}, "product_category": null, "suppliers": [], "seasonal_themes": []}], "published": "0", "status": "0", "sticky": "1", "tags": ["679", "214", "16121"]}, {"id": "156656", "label": "Risdryck Quinoa 1l", "self": "https://api.matsmart.se/api/v1.0/product-displays/156656", "brand": "13166", "brand_name": "Rice Dream", "categories": ["15056"], "created": "1550132574", "exclude_from_list": null, "product_info": "Glutenfri risbaserad dryck med quinoa. Inneh\u00e5ller calcium, vitamin D2 och B12.", "market": "SE", "products": [{"id": "50801", "label": "Rice Dream Quinoa + Kalcium 1l", "self": "https://api.matsmart.se/api/v1.0/products/50801", "best_before": "1555452000", "product_contents": [{"id": "211886", "self": "https://cdn1.matsmart.se/sites/se/files/product_contents/rice_dream_quinoa_calcium_innehall_1.jpg", "filemime": "image/jpeg", "filesize": "654803", "width": "800", "height": "800", "styles": ""}, {"id": "211891", "self": "https://cdn3.matsmart.se/sites/se/files/product_contents/rice_dream_quinoa_calcium_innehall_2.jpg", "filemime": "image/jpeg", "filesize": "419473", "width": "800", "height": "800", "styles": ""}], "sku": "MS105501", "gtin": "5425000191407", "images": [{"id": "211881", "self": "https://cdn4.matsmart.se/sites/se/files/products/rice_dream_quinoa_calcium.jpg", "filemime": "image/jpeg", "filesize": "262762", "width": "800", "height": "800", "styles": {"product_full": "https://cdn4.matsmart.se/sites/se/files/styles/product_full/public/products/rice_dream_quinoa_calcium.jpg?itok=gLpm9Ne2", "product_full_2x": "https://cdn4.matsmart.se/sites/se/files/styles/product_full_2x/public/products/rice_dream_quinoa_calcium.jpg?itok=Rfd01cqW", "product_teaser": "https://cdn4.matsmart.se/sites/se/files/styles/product_teaser/public/products/rice_dream_quinoa_calcium.jpg?itok=7PEK1XNG", "product_teaser_2x": "https://cdn4.matsmart.se/sites/se/files/styles/product_teaser_2x/public/products/rice_dream_quinoa_calcium.jpg?itok=GQB1cz-7", "product_zoom": "https://cdn4.matsmart.se/sites/se/files/styles/product_zoom/public/products/rice_dream_quinoa_calcium.jpg?itok=X0uwJ3Sf"}}], "max_purchase": "", "prices": {"comparison_price": "15,00 kr/l", "price": {"amount": "1500", "currency_code": "SEK", "data": {"components": []}}, "old_price": {"amount": "2495", "currency_code": "SEK", "data": {"components": []}}}, "size": "1l", "status": "1", "stock": 0, "vat_rate": "se_intermediate", "volume": {"length": "7.50000", "width": "7.50000", "height": "20.50000", "unit": "cm"}, "weight": {"weight": "1086.00000", "unit": "g"}, "product_category": null, "suppliers": [], "seasonal_themes": []}], "published": "0", "status": "0", "sticky": "0", "tags": ["9398"]}, {"id": "156806", "label": "Eko bovete cracekrs pizza", "self": "https://api.matsmart.se/api/v1.0/product-displays/156806", "brand": null, "brand_name": "", "categories": [], "created": "1548820802", "exclude_from_list": null, "product_info": null, "market": "SE", "products": [{"id": "50851", "label": "Eko bovete cracekrs pizza", "self": "https://api.matsmart.se/api/v1.0/products/50851", "best_before": null, "product_contents": [], "sku": "MS105511", "gtin": "8032454000413", "images": [], "max_purchase": "", "prices": {"price": {"amount": "1000", "currency_code": "SEK", "data": {"components": []}}, "old_price": {"amount": "3500", "currency_code": "SEK", "data": {"components": []}}, "price_table": {"amount": "750", "currency_code": "SEK", "min_qty": "2", "max_qty": "-1", "data": {"components": []}}}, "size": null, "status": "1", "stock": 0, "vat_rate": "se_intermediate", "volume": null, "weight": {"weight": "0.00000", "unit": "g"}, "product_category": null, "suppliers": [], "seasonal_themes": []}], "published": "0", "status": "0", "sticky": "0", "tags": []}, {"id": "156976", "label": "Eko Te Rooibos \"Cranberries & Chia Seeds\" 100g", "self": "https://api.matsmart.se/api/v1.0/product-displays/156976", "brand": "9271", "brand_name": "Kahls", "categories": ["14941"], "created": "1549027601", "exclude_from_list": null, "product_info": "Ekologisk rooibos smaksatt med tranb\u00e4r, chiafr\u00f6n, ananas och citrongr\u00e4s.", "market": "SE", "products": [{"id": "50911", "label": "Te Rooibos ES Tranb\u00e4r &amp; Chia  EKO 100g", "self": "https://api.matsmart.se/api/v1.0/products/50911", "best_before": "1563919200", "product_contents": [{"id": "210331", "self": "https://cdn4.matsmart.se/sites/se/files/product_contents/kahls_rooibos_cran_berries_chia_seeds_innehall.jpg", "filemime": "image/jpeg", "filesize": "353992", "width": "800", "height": "800", "styles": ""}], "sku": "MS105538", "gtin": "7330550110519", "images": [{"id": "210326", "self": "https://cdn3.matsmart.se/sites/se/files/products/kahls_rooibos_cran_berries_chia_seeds.jpg", "filemime": "image/jpeg", "filesize": "298823", "width": "800", "height": "800", "styles": {"product_full": "https://cdn3.matsmart.se/sites/se/files/styles/product_full/public/products/kahls_rooibos_cran_berries_chia_seeds.jpg?itok=ALWCTXsO", "product_full_2x": "https://cdn3.matsmart.se/sites/se/files/styles/product_full_2x/public/products/kahls_rooibos_cran_berries_chia_seeds.jpg?itok=QKtbOGtE", "product_teaser": "https://cdn3.matsmart.se/sites/se/files/styles/product_teaser/public/products/kahls_rooibos_cran_berries_chia_seeds.jpg?itok=x71B1VDb", "product_teaser_2x": "https://cdn3.matsmart.se/sites/se/files/styles/product_teaser_2x/public/products/kahls_rooibos_cran_berries_chia_seeds.jpg?itok=OnqDKjPk", "product_zoom": "https://cdn3.matsmart.se/sites/se/files/styles/product_zoom/public/products/kahls_rooibos_cran_berries_chia_seeds.jpg?itok=z5LxioGT"}}], "max_purchase": "", "prices": {"comparison_price": "250,00 kr/kg", "price": {"amount": "2500", "currency_code": "SEK", "data": {"components": []}}, "old_price": {"amount": "5900", "currency_code": "SEK", "data": {"components": []}}}, "size": "100g", "status": "1", "stock": 0, "vat_rate": "se_intermediate", "volume": {"length": "21.50000", "width": "14.00000", "height": "4.00000", "unit": "cm"}, "weight": {"weight": "112.00000", "unit": "g"}, "product_category": null, "suppliers": [], "seasonal_themes": []}], "published": "0", "status": "0", "sticky": "0", "tags": ["679"]}, {"id": "157051", "label": "Gr\u00f6t \"Chia & Raspberry\" 5 x 45g", "self": "https://api.matsmart.se/api/v1.0/product-displays/157051", "brand": "979", "brand_name": "WeightWatchers", "categories": ["14951"], "created": "1549622087", "exclude_from_list": null, "product_info": "Chiagr\u00f6t med hallon fr\u00e5n WeightWatchers. Fem smartpoints per p\u00e5se och f\u00f6rpackningen inneh\u00e5ller fem p\u00e5sar.", "market": "SE", "products": [{"id": "50936", "label": "WW 5-pack Raspberry and Chia Porridge", "self": "https://api.matsmart.se/api/v1.0/products/50936", "best_before": "1559253600", "product_contents": [{"id": "210571", "self": "https://cdn1.matsmart.se/sites/se/files/product_contents/weightwatchers_chia_raspberry_porridge_innehall.jpg", "filemime": "image/jpeg", "filesize": "403792", "width": "800", "height": "800", "styles": ""}], "sku": "MS105525", "gtin": "5051882173141", "images": [{"id": "210566", "self": "https://cdn2.matsmart.se/sites/se/files/products/weightwatchers_grot_raspberry_chia.jpg", "filemime": "image/jpeg", "filesize": "354437", "width": "800", "height": "800", "styles": {"product_full": "https://cdn2.matsmart.se/sites/se/files/styles/product_full/public/products/weightwatchers_grot_raspberry_chia.jpg?itok=7U0zscls", "product_full_2x": "https://cdn2.matsmart.se/sites/se/files/styles/product_full_2x/public/products/weightwatchers_grot_raspberry_chia.jpg?itok=W00U2iZW", "product_teaser": "https://cdn2.matsmart.se/sites/se/files/styles/product_teaser/public/products/weightwatchers_grot_raspberry_chia.jpg?itok=VfIN0VHV", "product_teaser_2x": "https://cdn2.matsmart.se/sites/se/files/styles/product_teaser_2x/public/products/weightwatchers_grot_raspberry_chia.jpg?itok=l2HzKXnK", "product_zoom": "https://cdn2.matsmart.se/sites/se/files/styles/product_zoom/public/products/weightwatchers_grot_raspberry_chia.jpg?itok=8xTMoCnt"}}], "max_purchase": "", "prices": {"comparison_price": "66,67 kr/kg", "price": {"amount": "1500", "currency_code": "SEK", "data": {"components": []}}, "old_price": {"amount": "2500", "currency_code": "SEK", "data": {"components": []}}}, "size": "5 x 45g", "status": "1", "stock": 0, "vat_rate": "se_intermediate", "volume": {"length": "17.00000", "width": "12.00000", "height": "7.00000", "unit": "cm"}, "weight": {"weight": "265.00000", "unit": "g"}, "product_category": "20746", "suppliers": [], "seasonal_themes": []}], "published": "0", "status": "0", "sticky": "0", "tags": []}, {"id": "158296", "label": "Eko Bovetekross", "self": "https://api.matsmart.se/api/v1.0/product-displays/158296", "brand": "978", "brand_name": "Kung Markatta", "categories": ["14961"], "created": "1572515440", "exclude_from_list": false, "product_info": "Bovetekross fr\u00e5n Kung Markatta som \u00e4r utm\u00e4rkt att koka en gr\u00f6t p\u00e5 eller att anv\u00e4nda till bakning.", "market": "SE", "products": [{"id": "51381", "label": "KM Bovetekross KRAV 500g", "self": "https://api.matsmart.se/api/v1.0/products/51381", "best_before": "1576278000", "product_contents": [{"id": "217631", "self": "https://cdn2.matsmart.se/sites/se/files/product_contents/km_bovetekross_innehall.jpg", "filemime": "image/jpeg", "filesize": "98105", "width": "282", "height": "366", "styles": ""}], "sku": "MS105609", "gtin": "7391835001458", "images": [{"id": "217636", "self": "https://cdn2.matsmart.se/sites/se/files/products/km_bovetekross.jpg", "filemime": "image/jpeg", "filesize": "292820", "width": "800", "height": "800", "styles": {"product_full": "https://cdn2.matsmart.se/sites/se/files/styles/product_full/public/products/km_bovetekross.jpg?itok=vR-za23s", "product_full_2x": "https://cdn2.matsmart.se/sites/se/files/styles/product_full_2x/public/products/km_bovetekross.jpg?itok=rVtEskj-", "product_teaser": "https://cdn2.matsmart.se/sites/se/files/styles/product_teaser/public/products/km_bovetekross.jpg?itok=65XG1zaA", "product_teaser_2x": "https://cdn2.matsmart.se/sites/se/files/styles/product_teaser_2x/public/products/km_bovetekross.jpg?itok=BGzD7N3M", "product_zoom": "https://cdn2.matsmart.se/sites/se/files/styles/product_zoom/public/products/km_bovetekross.jpg?itok=WQAYbrYW"}}], "max_purchase": "", "prices": {"comparison_price": "40,00 kr/kg", "price": {"amount": "2000", "currency_code": "SEK", "data": {"components": []}}, "old_price": {"amount": "3300", "currency_code": "SEK", "data": {"components": []}}}, "size": "500g", "status": "1", "stock": 0, "vat_rate": "se_intermediate", "volume": {"length": "22.00000", "width": "15.00000", "height": "6.00000", "unit": "cm"}, "weight": {"weight": "510.00000", "unit": "g"}, "product_category": null, "suppliers": [], "seasonal_themes": []}], "published": "0", "status": "0", "sticky": "0", "tags": ["679"]}, {"id": "160141", "label": "Risenta M\u00fcsli Chia & Bl\u00e5b\u00e4r", "self": "https://api.matsmart.se/api/v1.0/product-displays/160141", "brand": null, "brand_name": "", "categories": [], "created": "1550592001", "exclude_from_list": null, "product_info": null, "market": "SE", "products": [{"id": "52016", "label": "Risenta M\u00fcsli Chia & Bl\u00e5b\u00e4r", "self": "https://api.matsmart.se/api/v1.0/products/52016", "best_before": null, "product_contents": [], "sku": "MS105730", "gtin": "7312631410527", "images": [], "max_purchase": "", "prices": {"price": {"amount": "2500", "currency_code": "SEK", "data": {"components": []}}, "old_price": {"amount": "3990", "currency_code": "SEK", "data": {"components": []}}}, "size": null, "status": "1", "stock": 0, "vat_rate": "se_intermediate", "volume": null, "weight": {"weight": "0.00000", "unit": "g"}, "product_category": null, "suppliers": [], "seasonal_themes": []}], "published": "0", "status": "0", "sticky": "0", "tags": []}, {"id": "160201", "label": "Risenta Chiafr\u00f6n 300g", "self": "https://api.matsmart.se/api/v1.0/product-displays/160201", "brand": null, "brand_name": "", "categories": [], "created": "1550592001", "exclude_from_list": null, "product_info": null, "market": "SE", "products": [{"id": "52036", "label": "Risenta Chiafr\u00f6n 300g", "self": "https://api.matsmart.se/api/v1.0/products/52036", "best_before": null, "product_contents": [], "sku": "MS105734", "gtin": "7312631203600", "images": [], "max_purchase": "", "prices": {"price": {"amount": "2500", "currency_code": "SEK", "data": {"components": []}}}, "size": null, "status": "1", "stock": 0, "vat_rate": "se_intermediate", "volume": null, "weight": {"weight": "0.00000", "unit": "g"}, "product_category": null, "suppliers": [], "seasonal_themes": []}], "published": "0", "status": "0", "sticky": "0", "tags": []}, {"id": "160741", "label": "Eko Havregryn 500g", "self": "https://api.matsmart.se/api/v1.0/product-displays/160741", "brand": "9187", "brand_name": "Gyllenhammars", "categories": ["14951"], "created": "1565770000", "exclude_from_list": null, "product_info": "Gyllenhammars ekologiska havregryn av finaste svensk havre. Kokas p\u00e5 endast tv\u00e5 minuter och passar d\u00e4rf\u00f6r utm\u00e4rkt som en snabb frukost eller ett m\u00e4ttande mellanm\u00e5l.", "market": "SE", "products": [{"id": "52226", "label": "Gyllenhammars Havregryn Ekologiska 500g", "self": "https://api.matsmart.se/api/v1.0/products/52226", "best_before": "1575327600", "product_contents": [{"id": "275576", "self": "https://cdn1.matsmart.se/sites/se/files/product_contents/havregryn_eko.jpg", "filemime": "image/jpeg", "filesize": "271630", "width": "800", "height": "800", "styles": ""}], "sku": "MS105760", "gtin": "7310130007453", "images": [{"id": "275571", "self": "https://cdn4.matsmart.se/sites/se/files/products/havregryn_eko_0.jpg", "filemime": "image/jpeg", "filesize": "117347", "width": "800", "height": "800", "styles": {"product_full": "https://cdn4.matsmart.se/sites/se/files/styles/product_full/public/products/havregryn_eko_0.jpg?itok=Umv3gZmY", "product_full_2x": "https://cdn4.matsmart.se/sites/se/files/styles/product_full_2x/public/products/havregryn_eko_0.jpg?itok=-BBc3UhL", "product_teaser": "https://cdn4.matsmart.se/sites/se/files/styles/product_teaser/public/products/havregryn_eko_0.jpg?itok=N2m9emfr", "product_teaser_2x": "https://cdn4.matsmart.se/sites/se/files/styles/product_teaser_2x/public/products/havregryn_eko_0.jpg?itok=b4_7BLqe", "product_zoom": "https://cdn4.matsmart.se/sites/se/files/styles/product_zoom/public/products/havregryn_eko_0.jpg?itok=qvQU7YlW"}}], "max_purchase": "", "prices": {"comparison_price": "30,00 kr/kg", "price": {"amount": "1500", "currency_code": "SEK", "data": {"components": []}}, "old_price": {"amount": "1690", "currency_code": "SEK", "data": {"components": []}}, "price_table": {"amount": "1250", "currency_code": "SEK", "min_qty": "2", "max_qty": "-1", "data": {"components": []}}}, "size": "500g", "status": "1", "stock": 0, "vat_rate": "se_intermediate", "volume": {"length": "14.00000", "width": "13.00000", "height": "9.00000", "unit": "cm"}, "weight": {"weight": "533.00000", "unit": "g"}, "product_category": null, "suppliers": [], "seasonal_themes": []}], "published": "0", "status": "0", "sticky": "0", "tags": ["679"]}, {"id": "160771", "label": "Eko Chiafr\u00f6n 270g", "self": "https://api.matsmart.se/api/v1.0/product-displays/160771", "brand": "1561", "brand_name": "GoGreen", "categories": ["14956"], "created": "1552568761", "exclude_from_list": false, "product_info": "Ekologiska chiafr\u00f6n, naturligt rika p\u00e5 protein och omega-3. Anv\u00e4nd till chiapudding, bakning eller som topping p\u00e5 smoothien!", "market": "SE", "products": [{"id": "52236", "label": "Chiafr\u00f6n Eko 270g", "self": "https://api.matsmart.se/api/v1.0/products/52236", "best_before": "1580338800", "product_contents": [{"id": "220301", "self": "https://cdn3.matsmart.se/sites/se/files/product_contents/go_green_eko_chiafron_innehall.jpg", "filemime": "image/jpeg", "filesize": "471871", "width": "800", "height": "800", "styles": ""}], "sku": "MS105764", "gtin": "7310130009372", "images": [{"id": "220296", "self": "https://cdn3.matsmart.se/sites/se/files/products/go_green_eko_chiafron.jpg", "filemime": "image/jpeg", "filesize": "469178", "width": "800", "height": "800", "styles": {"product_full": "https://cdn3.matsmart.se/sites/se/files/styles/product_full/public/products/go_green_eko_chiafron.jpg?itok=QVoYONEP", "product_full_2x": "https://cdn3.matsmart.se/sites/se/files/styles/product_full_2x/public/products/go_green_eko_chiafron.jpg?itok=f9IohiHi", "product_teaser": "https://cdn3.matsmart.se/sites/se/files/styles/product_teaser/public/products/go_green_eko_chiafron.jpg?itok=R76mOs5u", "product_teaser_2x": "https://cdn3.matsmart.se/sites/se/files/styles/product_teaser_2x/public/products/go_green_eko_chiafron.jpg?itok=JfJ8UAVk", "product_zoom": "https://cdn3.matsmart.se/sites/se/files/styles/product_zoom/public/products/go_green_eko_chiafron.jpg?itok=umB75-zh"}}], "max_purchase": "", "prices": {"comparison_price": "129,63 kr/kg", "price": {"amount": "3500", "currency_code": "SEK", "data": {"components": []}}, "old_price": {"amount": "5195", "currency_code": "SEK", "data": {"components": []}}}, "size": "270g", "status": "1", "stock": 0, "vat_rate": "se_intermediate", "volume": {"length": "9.00000", "width": "5.00000", "height": "15.00000", "unit": "cm"}, "weight": {"weight": "298.00000", "unit": "g"}, "product_category": null, "suppliers": [], "seasonal_themes": []}], "published": "0", "status": "0", "sticky": "0", "tags": ["679"]}, {"id": "161311", "label": "Havregrynsgr\u00f6t \u00c4pple & Tranb\u00e4r 400g", "self": "https://api.matsmart.se/api/v1.0/product-displays/161311", "brand": "131", "brand_name": "Fazer", "categories": ["14951"], "created": "1559544870", "exclude_from_list": true, "product_info": "Havregrynsgr\u00f6t med fr\u00e4sch b\u00e4rsmak och tranb\u00e4r och \u00e4pple. Inneh\u00e5ller inga tillsats\u00e4mnen, bara en gnutta socker och 8,6 procent protein.", "market": "SE", "products": [{"id": "52436", "label": "ALKU KARPALO &amp; OMENAKAURAPUURO 400 g", "self": "https://api.matsmart.se/api/v1.0/products/52436", "best_before": "1568930400", "product_contents": [{"id": "220091", "self": "https://cdn4.matsmart.se/sites/se/files/product_contents/fazer_karpalo_omena_innehall.jpg", "filemime": "image/jpeg", "filesize": "326592", "width": "800", "height": "800", "styles": ""}], "sku": "MS105805", "gtin": "6413466121501", "images": [{"id": "220086", "self": "https://cdn4.matsmart.se/sites/se/files/products/fazer_karpalo_omena.jpg", "filemime": "image/jpeg", "filesize": "442912", "width": "800", "height": "800", "styles": {"product_full": "https://cdn4.matsmart.se/sites/se/files/styles/product_full/public/products/fazer_karpalo_omena.jpg?itok=VdpElN9I", "product_full_2x": "https://cdn4.matsmart.se/sites/se/files/styles/product_full_2x/public/products/fazer_karpalo_omena.jpg?itok=V5t2jH5h", "product_teaser": "https://cdn4.matsmart.se/sites/se/files/styles/product_teaser/public/products/fazer_karpalo_omena.jpg?itok=NAtWgOkQ", "product_teaser_2x": "https://cdn4.matsmart.se/sites/se/files/styles/product_teaser_2x/public/products/fazer_karpalo_omena.jpg?itok=_xuJ2ck6", "product_zoom": "https://cdn4.matsmart.se/sites/se/files/styles/product_zoom/public/products/fazer_karpalo_omena.jpg?itok=mMknyUpq"}}], "max_purchase": "", "prices": {"comparison_price": "62,50 kr/kg", "price": {"amount": "2500", "currency_code": "SEK", "data": {"components": []}}, "old_price": {"amount": "3690", "currency_code": "SEK", "data": {"components": []}}, "price_table": {"amount": "1750", "currency_code": "SEK", "min_qty": "2", "max_qty": "-1", "data": {"components": []}}}, "size": "400g", "status": "1", "stock": 0, "vat_rate": "se_intermediate", "volume": {"length": "14.50000", "width": "6.50000", "height": "22.00000", "unit": "cm"}, "weight": {"weight": "483.00000", "unit": "g"}, "product_category": null, "suppliers": [], "seasonal_themes": []}], "published": "0", "status": "0", "sticky": "0", "tags": []}, {"id": "161341", "label": "Eko Boveteflingor 500g", "self": "https://api.matsmart.se/api/v1.0/product-displays/161341", "brand": "1895", "brand_name": "Urtekram", "categories": ["14951"], "created": "1552058647", "exclude_from_list": null, "product_info": "Ekologiska boveteflingor som passar bra i m\u00fcsli, br\u00f6d eller gr\u00f6t.", "market": "SE", "products": [{"id": "52446", "label": "Urtekram 500g luomu tattarihiutale", "self": "https://api.matsmart.se/api/v1.0/products/52446", "best_before": "1554501600", "product_contents": [{"id": "218546", "self": "https://cdn4.matsmart.se/sites/se/files/product_contents/image6.png", "filemime": "image/png", "filesize": "45664", "width": "526", "height": "362", "styles": ""}], "sku": "MS105807", "gtin": "5765228120033", "images": [{"id": "218541", "self": "https://cdn2.matsmart.se/sites/se/files/products/boveteflingor.jpg", "filemime": "image/jpeg", "filesize": "267175", "width": "800", "height": "800", "styles": {"product_full": "https://cdn2.matsmart.se/sites/se/files/styles/product_full/public/products/boveteflingor.jpg?itok=yCOP9EJD", "product_full_2x": "https://cdn2.matsmart.se/sites/se/files/styles/product_full_2x/public/products/boveteflingor.jpg?itok=JLjOWcvu", "product_teaser": "https://cdn2.matsmart.se/sites/se/files/styles/product_teaser/public/products/boveteflingor.jpg?itok=vZTtXH8G", "product_teaser_2x": "https://cdn2.matsmart.se/sites/se/files/styles/product_teaser_2x/public/products/boveteflingor.jpg?itok=g8hVwZCr", "product_zoom": "https://cdn2.matsmart.se/sites/se/files/styles/product_zoom/public/products/boveteflingor.jpg?itok=22IFlLT4"}}], "max_purchase": "", "prices": {"comparison_price": "24,00 kr/kg", "price": {"amount": "1200", "currency_code": "SEK", "data": {"components": []}}, "old_price": {"amount": "3490", "currency_code": "SEK", "data": {"components": []}}}, "size": "500g", "status": "1", "stock": 0, "vat_rate": "se_intermediate", "volume": {"length": "12.00000", "width": "16.00000", "height": "6.00000", "unit": "cm"}, "weight": {"weight": "519.00000", "unit": "g"}, "product_category": null, "suppliers": [], "seasonal_themes": []}], "published": "0", "status": "0", "sticky": "0", "tags": ["679"]}, {"id": "161551", "label": "Chiafr\u00f6n 750g", "self": "https://api.matsmart.se/api/v1.0/product-displays/161551", "brand": "534", "brand_name": "Risenta", "categories": ["14956"], "created": "1552381192", "exclude_from_list": null, "product_info": "Chiafr\u00f6n som \u00e4r rika p\u00e5 omega-3 och kalcium. Anv\u00e4nd till chiapudding, bakning eller som topping p\u00e5 smoothien. 100 procent klimatkompenserad!", "market": "SE", "products": [{"id": "52516", "label": "Risenta Chiafr\u00f6n 750g", "self": "https://api.matsmart.se/api/v1.0/products/52516", "best_before": "1560808800", "product_contents": [{"id": "219416", "self": "https://cdn2.matsmart.se/sites/se/files/product_contents/risenta_chiafron_750g_innehall.jpg", "filemime": "image/jpeg", "filesize": "493717", "width": "800", "height": "800", "styles": ""}], "sku": "MS105821", "gtin": "7312631203709", "images": [{"id": "219411", "self": "https://cdn1.matsmart.se/sites/se/files/products/risenta_chiafron_750g.jpg", "filemime": "image/jpeg", "filesize": "263223", "width": "800", "height": "800", "styles": {"product_full": "https://cdn1.matsmart.se/sites/se/files/styles/product_full/public/products/risenta_chiafron_750g.jpg?itok=bBCuLAlZ", "product_full_2x": "https://cdn1.matsmart.se/sites/se/files/styles/product_full_2x/public/products/risenta_chiafron_750g.jpg?itok=6L8E5uxj", "product_teaser": "https://cdn1.matsmart.se/sites/se/files/styles/product_teaser/public/products/risenta_chiafron_750g.jpg?itok=AXFpuu4-", "product_teaser_2x": "https://cdn1.matsmart.se/sites/se/files/styles/product_teaser_2x/public/products/risenta_chiafron_750g.jpg?itok=IvL29y5k", "product_zoom": "https://cdn1.matsmart.se/sites/se/files/styles/product_zoom/public/products/risenta_chiafron_750g.jpg?itok=CdlSVh65"}}], "max_purchase": "", "prices": {"comparison_price": "92,00 kr/kg", "price": {"amount": "6900", "currency_code": "SEK", "data": {"components": []}}, "old_price": {"amount": "9600", "currency_code": "SEK", "data": {"components": []}}}, "size": "750g", "status": "1", "stock": 0, "vat_rate": "se_intermediate", "volume": {"length": "21.00000", "width": "8.00000", "height": "13.00000", "unit": "cm"}, "weight": {"weight": "770.00000", "unit": "g"}, "product_category": null, "suppliers": [], "seasonal_themes": []}], "published": "0", "status": "0", "sticky": "0", "tags": []}, {"id": "161566", "label": "Granola Ananas, Chia & Mandel", "self": "https://api.matsmart.se/api/v1.0/product-displays/161566", "brand": "534", "brand_name": "Risenta", "categories": ["14951"], "created": "1587393630", "exclude_from_list": false, "product_info": "Granola med ananas, chia och mandel. Inneh\u00e5ller inget tillsatt socker.", "market": "SE", "products": [{"id": "52521", "label": "Ris Granola Ananas, Chia &amp; Mandel 375g", "self": "https://api.matsmart.se/api/v1.0/products/52521", "best_before": "1594850400", "product_contents": [{"id": "219496", "self": "https://cdn4.matsmart.se/sites/se/files/product_contents/risenta_granola_ananas_chia_mandel_innehall.jpg", "filemime": "image/jpeg", "filesize": "501310", "width": "800", "height": "800", "styles": ""}], "sku": "MS105822", "gtin": "7312631410909", "images": [{"id": "219491", "self": "https://cdn1.matsmart.se/sites/se/files/products/risenta_granola_ananas_chia_mandel.jpg", "filemime": "image/jpeg", "filesize": "396788", "width": "800", "height": "800", "styles": {"product_full": "https://cdn1.matsmart.se/sites/se/files/styles/product_full/public/products/risenta_granola_ananas_chia_mandel.jpg?itok=twDBdTLH", "product_full_2x": "https://cdn1.matsmart.se/sites/se/files/styles/product_full_2x/public/products/risenta_granola_ananas_chia_mandel.jpg?itok=68CWMbJT", "product_teaser": "https://cdn1.matsmart.se/sites/se/files/styles/product_teaser/public/products/risenta_granola_ananas_chia_mandel.jpg?itok=6SPNqtOR", "product_teaser_2x": "https://cdn1.matsmart.se/sites/se/files/styles/product_teaser_2x/public/products/risenta_granola_ananas_chia_mandel.jpg?itok=ZJ5bwjpu", "product_zoom": "https://cdn1.matsmart.se/sites/se/files/styles/product_zoom/public/products/risenta_granola_ananas_chia_mandel.jpg?itok=AMRLY0_I"}}], "max_purchase": "", "prices": {"comparison_price": "77,33 kr/kg", "price": {"amount": "2900", "currency_code": "SEK", "data": {"components": []}}, "old_price": {"amount": "3990", "currency_code": "SEK", "data": {"components": []}}}, "size": "375g", "status": "1", "stock": 101, "vat_rate": "se_intermediate", "volume": {"length": "20.00000", "width": "15.00000", "height": "6.00000", "unit": "cm"}, "weight": {"weight": "427.00000", "unit": "g"}, "product_category": "20716", "suppliers": [], "seasonal_themes": []}], "published": "1586353271", "status": "1", "sticky": "0", "tags": ["22481", "557"]}, {"id": "162436", "label": "Eko Chiafr\u00f6n 150g", "self": "https://api.matsmart.se/api/v1.0/product-displays/162436", "brand": "15546", "brand_name": "Cocovi", "categories": ["14956"], "created": "1551369602", "exclude_from_list": null, "product_info": "Ekologiska chiafr\u00f6n. Anv\u00e4nd till gr\u00f6t, pudding, yoghurt eller smoothies!", "market": "SE", "products": [{"id": "52811", "label": "CocoVi Chia 150g p\u00e5se eko", "self": "https://api.matsmart.se/api/v1.0/products/52811", "best_before": "1569794400", "product_contents": [{"id": "221966", "self": "https://cdn3.matsmart.se/sites/se/files/product_contents/cocovi_chiafron_150g_innehall.jpg", "filemime": "image/jpeg", "filesize": "252786", "width": "800", "height": "800", "styles": ""}], "sku": "MS105880", "gtin": "6430056282404", "images": [{"id": "221961", "self": "https://cdn1.matsmart.se/sites/se/files/products/cocovi_chiafron_150g.jpg", "filemime": "image/jpeg", "filesize": "267155", "width": "800", "height": "800", "styles": {"product_full": "https://cdn1.matsmart.se/sites/se/files/styles/product_full/public/products/cocovi_chiafron_150g.jpg?itok=ItvxvmEl", "product_full_2x": "https://cdn1.matsmart.se/sites/se/files/styles/product_full_2x/public/products/cocovi_chiafron_150g.jpg?itok=Agu5zL8Q", "product_teaser": "https://cdn1.matsmart.se/sites/se/files/styles/product_teaser/public/products/cocovi_chiafron_150g.jpg?itok=M9m_3x54", "product_teaser_2x": "https://cdn1.matsmart.se/sites/se/files/styles/product_teaser_2x/public/products/cocovi_chiafron_150g.jpg?itok=c5-aXSxv", "product_zoom": "https://cdn1.matsmart.se/sites/se/files/styles/product_zoom/public/products/cocovi_chiafron_150g.jpg?itok=99G2M7eG"}}], "max_purchase": "", "prices": {"comparison_price": "193,33 kr/kg", "price": {"amount": "2900", "currency_code": "SEK", "data": {"components": []}}, "old_price": {"amount": "4500", "currency_code": "SEK", "data": {"components": []}}}, "size": "150g", "status": "1", "stock": 0, "vat_rate": "se_intermediate", "volume": {"length": "13.00000", "width": "3.50000", "height": "17.00000", "unit": "cm"}, "weight": {"weight": "163.00000", "unit": "g"}, "product_category": null, "suppliers": [], "seasonal_themes": []}], "published": "0", "status": "0", "sticky": "0", "tags": ["679", "15776"]}, {"id": "163226", "label": "Eko Hel L\u00e5da Rawbar Chia & Kokos 20 x 30g", "self": "https://api.matsmart.se/api/v1.0/product-displays/163226", "brand": "15501", "brand_name": "SuperBonobo", "categories": ["15931", "566"], "created": "1557136258", "exclude_from_list": null, "product_info": "20 stycken ekologiska och veganska rawbars med chiafr\u00f6n och kokos. Ett perfekt energitillskott n\u00e4r du \u00e4r p\u00e5 spr\u00e5ng! P\u00e5 grund av f\u00f6rpackningsbyte s\u00e5 kan utseendet p\u00e5 varan variera.\u00a0", "market": "SE", "products": [{"id": "53101", "label": "Hel l\u00e5da Superbonobo RAWBAR Kokos/Chia", "self": "https://api.matsmart.se/api/v1.0/products/53101", "best_before": "1559599200", "product_contents": [{"id": "219881", "self": "https://cdn4.matsmart.se/sites/se/files/product_contents/superbonobo_bar_chia_kokos_innehall.jpg", "filemime": "image/jpeg", "filesize": "391253", "width": "800", "height": "800", "styles": ""}], "sku": "MS105929", "gtin": "7350084740112", "images": [{"id": "219876", "self": "https://cdn3.matsmart.se/sites/se/files/products/hl_superbonobo_rawbar_chia_kokos.jpg", "filemime": "image/jpeg", "filesize": "376996", "width": "800", "height": "800", "styles": {"product_full": "https://cdn3.matsmart.se/sites/se/files/styles/product_full/public/products/hl_superbonobo_rawbar_chia_kokos.jpg?itok=atoxTahR", "product_full_2x": "https://cdn3.matsmart.se/sites/se/files/styles/product_full_2x/public/products/hl_superbonobo_rawbar_chia_kokos.jpg?itok=w9rR_xgy", "product_teaser": "https://cdn3.matsmart.se/sites/se/files/styles/product_teaser/public/products/hl_superbonobo_rawbar_chia_kokos.jpg?itok=OWrw5rO0", "product_teaser_2x": "https://cdn3.matsmart.se/sites/se/files/styles/product_teaser_2x/public/products/hl_superbonobo_rawbar_chia_kokos.jpg?itok=VgoXs8kJ", "product_zoom": "https://cdn3.matsmart.se/sites/se/files/styles/product_zoom/public/products/hl_superbonobo_rawbar_chia_kokos.jpg?itok=I3Rf8FZ2"}}], "max_purchase": "", "prices": {"comparison_price": "98,33 kr/kg", "price": {"amount": "5900", "currency_code": "SEK", "data": {"components": []}}, "old_price": {"amount": "27900", "currency_code": "SEK", "data": {"components": []}}}, "size": "20 x 30g", "status": "1", "stock": 0, "vat_rate": "se_intermediate", "volume": {"length": "19.50000", "width": "13.00000", "height": "7.00000", "unit": "cm"}, "weight": {"weight": "665.00000", "unit": "g"}, "product_category": null, "suppliers": [], "seasonal_themes": []}], "published": "0", "status": "0", "sticky": "0", "tags": ["679", "9398", "15376", "15936"]}, {"id": "165166", "label": "Ris & Quinoa Thai Green Curry", "self": "https://api.matsmart.se/api/v1.0/product-displays/165166", "brand": "373", "brand_name": "Knorr", "categories": ["14926"], "created": "1572515758", "exclude_from_list": false, "product_info": "Ris och quinoa med gr\u00f6nsaks- och gr\u00f6n currymix. Perfekt n\u00e4r du m\u00e5ste stilla hungern snabbt och vill ha ett m\u00e4ttande mellanm\u00e5l eller l\u00e4ttare lunch!", "market": "SE", "products": [{"id": "53751", "label": "Knorr Veggie Snack Thai Green Curry 69 g", "self": "https://api.matsmart.se/api/v1.0/products/53751", "best_before": "1590876000", "product_contents": [{"id": "224676", "self": "https://cdn2.matsmart.se/sites/se/files/product_contents/knorr_rice_quinoa_innehall.jpg", "filemime": "image/jpeg", "filesize": "416269", "width": "800", "height": "800", "styles": ""}], "sku": "MS106057", "gtin": "8711200382644", "images": [{"id": "224671", "self": "https://cdn1.matsmart.se/sites/se/files/products/knorr_veggie_snack_rice_quinoa_0.jpg", "filemime": "image/jpeg", "filesize": "537953", "width": "800", "height": "800", "styles": {"product_full": "https://cdn1.matsmart.se/sites/se/files/styles/product_full/public/products/knorr_veggie_snack_rice_quinoa_0.jpg?itok=z8a68pUl", "product_full_2x": "https://cdn1.matsmart.se/sites/se/files/styles/product_full_2x/public/products/knorr_veggie_snack_rice_quinoa_0.jpg?itok=l9Wu6shf", "product_teaser": "https://cdn1.matsmart.se/sites/se/files/styles/product_teaser/public/products/knorr_veggie_snack_rice_quinoa_0.jpg?itok=cOXdpFii", "product_teaser_2x": "https://cdn1.matsmart.se/sites/se/files/styles/product_teaser_2x/public/products/knorr_veggie_snack_rice_quinoa_0.jpg?itok=pQFyhWFt", "product_zoom": "https://cdn1.matsmart.se/sites/se/files/styles/product_zoom/public/products/knorr_veggie_snack_rice_quinoa_0.jpg?itok=pWlorawV"}}], "max_purchase": "", "prices": {"comparison_price": "362,32 kr/kg", "price": {"amount": "2500", "currency_code": "SEK", "data": {"components": []}}, "old_price": {"amount": "2890", "currency_code": "SEK", "data": {"components": []}}, "price_table": {"amount": "1966", "currency_code": "SEK", "min_qty": "3", "max_qty": "-1", "data": {"components": []}}}, "size": "69g", "status": "1", "stock": 0, "vat_rate": "se_intermediate", "volume": {"length": "11.50000", "width": "11.50000", "height": "9.00000", "unit": "cm"}, "weight": {"weight": "91.00000", "unit": "g"}, "product_category": "20576", "suppliers": [], "seasonal_themes": []}], "published": "0", "status": "0", "sticky": "0", "tags": ["21756", "21691", "15376"]}, {"id": "168631", "label": "Eko Pulver Chiapudding \"Creamy Vanilla Cashew\" 50g", "self": "https://api.matsmart.se/api/v1.0/product-displays/168631", "brand": "15851", "brand_name": "Mindfuel", "categories": ["14956"], "created": "1554793702", "exclude_from_list": null, "product_info": "Chiapudding med chiafr\u00f6n, cashewn\u00f6ttter, lucuma, vanilj och havssalt. Blanda pulvret med vatten eller mj\u00f6lk och l\u00e5t st\u00e5 i fem minuter, sedan \u00e4r puddingen f\u00e4rdig. Gott som frukost eller som mellanm\u00e5l p\u00e5 jobbet eller efter tr\u00e4ning.", "market": "SE", "products": [{"id": "54916", "label": "Mindfuel Chiapudding vanilla", "self": "https://api.matsmart.se/api/v1.0/products/54916", "best_before": "1558044000", "product_contents": [{"id": "227506", "self": "https://cdn1.matsmart.se/sites/se/files/product_contents/mindfuel_chia_pudding_mix_innehall.jpg", "filemime": "image/jpeg", "filesize": "353019", "width": "800", "height": "800", "styles": ""}], "sku": "MS106286", "gtin": "4260439660183", "images": [{"id": "227501", "self": "https://cdn4.matsmart.se/sites/se/files/products/mindfuel_chia_pudding_mix.jpg", "filemime": "image/jpeg", "filesize": "256303", "width": "800", "height": "800", "styles": {"product_full": "https://cdn4.matsmart.se/sites/se/files/styles/product_full/public/products/mindfuel_chia_pudding_mix.jpg?itok=5H73t2ue", "product_full_2x": "https://cdn4.matsmart.se/sites/se/files/styles/product_full_2x/public/products/mindfuel_chia_pudding_mix.jpg?itok=dHIpX2EW", "product_teaser": "https://cdn4.matsmart.se/sites/se/files/styles/product_teaser/public/products/mindfuel_chia_pudding_mix.jpg?itok=zRMmQNDF", "product_teaser_2x": "https://cdn4.matsmart.se/sites/se/files/styles/product_teaser_2x/public/products/mindfuel_chia_pudding_mix.jpg?itok=mcqy9PMO", "product_zoom": "https://cdn4.matsmart.se/sites/se/files/styles/product_zoom/public/products/mindfuel_chia_pudding_mix.jpg?itok=QdQFIhA4"}}], "max_purchase": "", "prices": {"comparison_price": "180,00 kr/kg", "price": {"amount": "900", "currency_code": "SEK", "data": {"components": []}}, "old_price": {"amount": "2900", "currency_code": "SEK", "data": {"components": []}}, "price_table": {"amount": "750", "currency_code": "SEK", "min_qty": "2", "max_qty": "-1", "data": {"components": []}}}, "size": "50g", "status": "1", "stock": 0, "vat_rate": "se_intermediate", "volume": {"length": "14.00000", "width": "9.00000", "height": "1.50000", "unit": "cm"}, "weight": {"weight": "53.00000", "unit": "g"}, "product_category": null, "suppliers": [], "seasonal_themes": []}], "published": "0", "status": "0", "sticky": "0", "tags": ["679"]}, {"id": "172101", "label": "Eko Bovetepasta 300g", "self": "https://api.matsmart.se/api/v1.0/product-displays/172101", "brand": "534", "brand_name": "Risenta", "categories": ["14921"], "created": "1556780273", "exclude_from_list": null, "product_info": "Ekologisk och glutenfri bovetepasta av 100 procent bovetemj\u00f6l. Tillagas precis som vanlig pasta!", "market": "SE", "products": [{"id": "56096", "label": "Bovetepasta Penne Eko", "self": "https://api.matsmart.se/api/v1.0/products/56096", "best_before": "1610578800", "product_contents": [{"id": "234621", "self": "https://cdn3.matsmart.se/sites/se/files/product_contents/risenta_bovete_pasta_penne_innehall.jpg", "filemime": "image/jpeg", "filesize": "408161", "width": "800", "height": "800", "styles": ""}], "sku": "MS106522", "gtin": "7312631400801", "images": [{"id": "234616", "self": "https://cdn2.matsmart.se/sites/se/files/products/risenta_bovete_pasta.jpg", "filemime": "image/jpeg", "filesize": "355732", "width": "800", "height": "800", "styles": {"product_full": "https://cdn2.matsmart.se/sites/se/files/styles/product_full/public/products/risenta_bovete_pasta.jpg?itok=QjMgQl68", "product_full_2x": "https://cdn2.matsmart.se/sites/se/files/styles/product_full_2x/public/products/risenta_bovete_pasta.jpg?itok=fVtBr8-_", "product_teaser": "https://cdn2.matsmart.se/sites/se/files/styles/product_teaser/public/products/risenta_bovete_pasta.jpg?itok=vILXpbZS", "product_teaser_2x": "https://cdn2.matsmart.se/sites/se/files/styles/product_teaser_2x/public/products/risenta_bovete_pasta.jpg?itok=FzOseRiy", "product_zoom": "https://cdn2.matsmart.se/sites/se/files/styles/product_zoom/public/products/risenta_bovete_pasta.jpg?itok=dPz3VwnA"}}], "max_purchase": "", "prices": {"comparison_price": "96,67 kr/kg", "price": {"amount": "2900", "currency_code": "SEK", "data": {"components": []}}, "old_price": {"amount": "3950", "currency_code": "SEK", "data": {"components": []}}}, "size": "300g", "status": "1", "stock": 0, "vat_rate": "se_intermediate", "volume": {"length": "18.50000", "width": "15.00000", "height": "5.00000", "unit": "cm"}, "weight": {"weight": "338.00000", "unit": "g"}, "product_category": null, "suppliers": [], "seasonal_themes": []}], "published": "0", "status": "0", "sticky": "0", "tags": ["679"]}, {"id": "173191", "label": "Eko R\u00f6d Quinoa 800g", "self": "https://api.matsmart.se/api/v1.0/product-displays/173191", "brand": "1895", "brand_name": "Urtekram", "categories": [], "created": "1556294401", "exclude_from_list": null, "product_info": null, "market": "SE", "products": [{"id": "56496", "label": "QUINOA R\u00d8D \u00d8KO 800 GRAM", "self": "https://api.matsmart.se/api/v1.0/products/56496", "best_before": "1559340000", "product_contents": [{"id": "239716", "self": "https://cdn4.matsmart.se/sites/se/files/product_contents/urtekram_rod_quinoa_800g_innehall.jpg", "filemime": "image/jpeg", "filesize": "389123", "width": "800", "height": "800", "styles": ""}], "sku": "MS106591", "gtin": "5765228112755", "images": [{"id": "239711", "self": "https://cdn3.matsmart.se/sites/se/files/products/urtekram_rod_quinoa_800g.jpg", "filemime": "image/jpeg", "filesize": "452110", "width": "800", "height": "800", "styles": {"product_full": "https://cdn3.matsmart.se/sites/se/files/styles/product_full/public/products/urtekram_rod_quinoa_800g.jpg?itok=Zx-_IHQS", "product_full_2x": "https://cdn3.matsmart.se/sites/se/files/styles/product_full_2x/public/products/urtekram_rod_quinoa_800g.jpg?itok=BNRTB_Yd", "product_teaser": "https://cdn3.matsmart.se/sites/se/files/styles/product_teaser/public/products/urtekram_rod_quinoa_800g.jpg?itok=w_OlkSeM", "product_teaser_2x": "https://cdn3.matsmart.se/sites/se/files/styles/product_teaser_2x/public/products/urtekram_rod_quinoa_800g.jpg?itok=H_MiA-I3", "product_zoom": "https://cdn3.matsmart.se/sites/se/files/styles/product_zoom/public/products/urtekram_rod_quinoa_800g.jpg?itok=ieMB6KYG"}}], "max_purchase": "", "prices": {"comparison_price": "73,75 kr/kg", "price": {"amount": "5900", "currency_code": "SEK", "data": {"components": []}}, "old_price": {"amount": "12900", "currency_code": "SEK", "data": {"components": []}}}, "size": "800g", "status": "1", "stock": 0, "vat_rate": "se_intermediate", "volume": {"length": "15.00000", "width": "3.00000", "height": "25.00000", "unit": "cm"}, "weight": {"weight": "819.00000", "unit": "g"}, "product_category": null, "suppliers": [], "seasonal_themes": []}], "published": "0", "status": "0", "sticky": "0", "tags": ["679"]}, {"id": "176641", "label": "Eko Quinoamj\u00f6l 400g", "self": "https://api.matsmart.se/api/v1.0/product-displays/176641", "brand": "9186", "brand_name": "Biofood", "categories": ["14961"], "created": "1558359322", "exclude_from_list": null, "product_info": "Ekologiskt quinoamj\u00f6l passar till matlagning och bakning s\u00e5som pannkakor, matbr\u00f6d och kakor.", "market": "SE", "products": [{"id": "57666", "label": "Quinoamj\u00f6l 400g EKO GF Biofood", "self": "https://api.matsmart.se/api/v1.0/products/57666", "best_before": "1561672800", "product_contents": [{"id": "242286", "self": "https://cdn2.matsmart.se/sites/se/files/product_contents/biofood_quinoamjol_innehall.jpg", "filemime": "image/jpeg", "filesize": "236414", "width": "800", "height": "800", "styles": ""}], "sku": "MS106818", "gtin": "7330137017880", "images": [{"id": "242281", "self": "https://cdn1.matsmart.se/sites/se/files/products/biofood_quinoamjol_400g.jpg", "filemime": "image/jpeg", "filesize": "251936", "width": "800", "height": "800", "styles": {"product_full": "https://cdn1.matsmart.se/sites/se/files/styles/product_full/public/products/biofood_quinoamjol_400g.jpg?itok=oIxo31XN", "product_full_2x": "https://cdn1.matsmart.se/sites/se/files/styles/product_full_2x/public/products/biofood_quinoamjol_400g.jpg?itok=wkiRWhrF", "product_teaser": "https://cdn1.matsmart.se/sites/se/files/styles/product_teaser/public/products/biofood_quinoamjol_400g.jpg?itok=Cuo-8OBk", "product_teaser_2x": "https://cdn1.matsmart.se/sites/se/files/styles/product_teaser_2x/public/products/biofood_quinoamjol_400g.jpg?itok=SfSRHf6k", "product_zoom": "https://cdn1.matsmart.se/sites/se/files/styles/product_zoom/public/products/biofood_quinoamjol_400g.jpg?itok=Sf1kagEU"}}], "max_purchase": "", "prices": {"comparison_price": "50,00 kr/kg", "price": {"amount": "2000", "currency_code": "SEK", "data": {"components": []}}, "old_price": {"amount": "5900", "currency_code": "SEK", "data": {"components": []}}}, "size": "400g", "status": "1", "stock": 0, "vat_rate": "se_intermediate", "volume": {"length": "18.00000", "width": "10.00000", "height": "7.00000", "unit": "cm"}, "weight": {"weight": "410.00000", "unit": "g"}, "product_category": null, "suppliers": [], "seasonal_themes": []}], "published": "0", "status": "0", "sticky": "0", "tags": ["679", "9398"]}, {"id": "176716", "label": "Eko Lunchpack Quinoa & Basilikapesto 210g", "self": "https://api.matsmart.se/api/v1.0/product-displays/176716", "brand": "15306", "brand_name": "Paul's Finest", "categories": ["14926"], "created": "1558424683", "exclude_from_list": null, "product_info": "En smidig ekologisk f\u00e4rdigr\u00e4tt i form av quinoa med pesto och basilikas\u00e5s.\u00a0", "market": "SE", "products": [{"id": "57691", "label": "Quinoa Lunchpack Baspesto 210g GF EKO Finest Quinoa", "self": "https://api.matsmart.se/api/v1.0/products/57691", "best_before": "1564437600", "product_contents": [{"id": "242586", "self": "https://cdn3.matsmart.se/sites/se/files/product_contents/pauls_finest_quinoa_pesto_basil_innehall.jpg", "filemime": "image/jpeg", "filesize": "312274", "width": "800", "height": "800", "styles": ""}], "sku": "MS106823", "gtin": "8718885745368", "images": [{"id": "242581", "self": "https://cdn2.matsmart.se/sites/se/files/products/pauls_finest_quinoa_pesto_basil.jpg", "filemime": "image/jpeg", "filesize": "462489", "width": "800", "height": "800", "styles": {"product_full": "https://cdn2.matsmart.se/sites/se/files/styles/product_full/public/products/pauls_finest_quinoa_pesto_basil.jpg?itok=V01nuC56", "product_full_2x": "https://cdn2.matsmart.se/sites/se/files/styles/product_full_2x/public/products/pauls_finest_quinoa_pesto_basil.jpg?itok=nEIqNg4H", "product_teaser": "https://cdn2.matsmart.se/sites/se/files/styles/product_teaser/public/products/pauls_finest_quinoa_pesto_basil.jpg?itok=N8SKXKp5", "product_teaser_2x": "https://cdn2.matsmart.se/sites/se/files/styles/product_teaser_2x/public/products/pauls_finest_quinoa_pesto_basil.jpg?itok=2xwIcOx2", "product_zoom": "https://cdn2.matsmart.se/sites/se/files/styles/product_zoom/public/products/pauls_finest_quinoa_pesto_basil.jpg?itok=3fuYDVgE"}}], "max_purchase": "", "prices": {"comparison_price": "138,10 kr/kg", "price": {"amount": "2900", "currency_code": "SEK", "data": {"components": []}}, "old_price": {"amount": "4695", "currency_code": "SEK", "data": {"components": []}}}, "size": "210g", "status": "1", "stock": 0, "vat_rate": "se_intermediate", "volume": {"length": "11.00000", "width": "10.00000", "height": "11.00000", "unit": "cm"}, "weight": {"weight": "240.00000", "unit": "g"}, "product_category": null, "suppliers": [], "seasonal_themes": []}], "published": "0", "status": "0", "sticky": "0", "tags": ["679"]}, {"id": "182256", "label": "Quinoapuffar \"White Cheddar\" 113g", "self": "https://api.matsmart.se/api/v1.0/product-displays/182256", "brand": "12926", "brand_name": "Eat Real", "categories": ["15006"], "created": "1559551761", "exclude_from_list": null, "product_info": "Quinoapuffar med cheddarkrydda. Puffarna \u00e4r glutenfria och veganska.", "market": "SE", "products": [{"id": "59581", "label": "Quinoa puffar white cheddar vego", "self": "https://api.matsmart.se/api/v1.0/products/59581", "best_before": "1563660000", "product_contents": [{"id": "246761", "self": "https://cdn3.matsmart.se/sites/se/files/product_contents/eat_real_quinoapuffs_innehall_1.jpg", "filemime": "image/jpeg", "filesize": "286159", "width": "800", "height": "800", "styles": ""}, {"id": "246766", "self": "https://cdn4.matsmart.se/sites/se/files/product_contents/eat_real_quinoa_puffs_innehall_2.jpg", "filemime": "image/jpeg", "filesize": "382148", "width": "800", "height": "800", "styles": ""}], "sku": "MS107180", "gtin": "5026489489841", "images": [{"id": "246756", "self": "https://cdn2.matsmart.se/sites/se/files/products/eat_real_quinoapuffs.jpg", "filemime": "image/jpeg", "filesize": "368999", "width": "800", "height": "800", "styles": {"product_full": "https://cdn2.matsmart.se/sites/se/files/styles/product_full/public/products/eat_real_quinoapuffs.jpg?itok=V1WzOa40", "product_full_2x": "https://cdn2.matsmart.se/sites/se/files/styles/product_full_2x/public/products/eat_real_quinoapuffs.jpg?itok=F0UkoH5i", "product_teaser": "https://cdn2.matsmart.se/sites/se/files/styles/product_teaser/public/products/eat_real_quinoapuffs.jpg?itok=iNdei9PC", "product_teaser_2x": "https://cdn2.matsmart.se/sites/se/files/styles/product_teaser_2x/public/products/eat_real_quinoapuffs.jpg?itok=v4GGkOqu", "product_zoom": "https://cdn2.matsmart.se/sites/se/files/styles/product_zoom/public/products/eat_real_quinoapuffs.jpg?itok=Hv0xa5rm"}}], "max_purchase": "", "prices": {"comparison_price": "132,74 kr/kg", "price": {"amount": "1500", "currency_code": "SEK", "data": {"components": []}}, "old_price": {"amount": "2490", "currency_code": "SEK", "data": {"components": []}}, "price_table": {"amount": "1250", "currency_code": "SEK", "min_qty": "2", "max_qty": "-1", "data": {"components": []}}}, "size": "113g", "status": "1", "stock": 0, "vat_rate": "se_intermediate", "volume": {"length": "30.00000", "width": "19.00000", "height": "8.00000", "unit": "cm"}, "weight": {"weight": "125.00000", "unit": "g"}, "product_category": null, "suppliers": [], "seasonal_themes": []}], "published": "0", "status": "0", "sticky": "0", "tags": ["9398", "15376"]}, {"id": "182806", "label": "Quinoa 2-pack", "self": "https://api.matsmart.se/api/v1.0/product-displays/182806", "brand": "16496", "brand_name": "Bonduelle", "categories": ["14926"], "created": "1581494982", "exclude_from_list": false, "product_info": "Quinoa som \u00e4r klar att \u00e4tas. Perfekt att ha med p\u00e5 picknicken eller att snabbt blanda ner i salladen.", "market": "SE", "products": [{"id": "59791", "label": "TWIST - QUINOA 170g", "self": "https://api.matsmart.se/api/v1.0/products/59791", "best_before": "1582844400", "product_contents": [{"id": "258091", "self": "https://cdn4.matsmart.se/sites/se/files/product_contents/bonduelle_quinoa_innehall.jpg", "filemime": "image/jpeg", "filesize": "279074", "width": "800", "height": "800", "styles": ""}], "sku": "MS107265", "gtin": "3083681092615", "images": [{"id": "258086", "self": "https://cdn1.matsmart.se/sites/se/files/products/bonduelle_quinoa.jpg", "filemime": "image/jpeg", "filesize": "325736", "width": "800", "height": "800", "styles": {"product_full": "https://cdn1.matsmart.se/sites/se/files/styles/product_full/public/products/bonduelle_quinoa.jpg?itok=qo7tVSsU", "product_full_2x": "https://cdn1.matsmart.se/sites/se/files/styles/product_full_2x/public/products/bonduelle_quinoa.jpg?itok=uGd29GEF", "product_teaser": "https://cdn1.matsmart.se/sites/se/files/styles/product_teaser/public/products/bonduelle_quinoa.jpg?itok=FHmtEJnP", "product_teaser_2x": "https://cdn1.matsmart.se/sites/se/files/styles/product_teaser_2x/public/products/bonduelle_quinoa.jpg?itok=yNRfBqjw", "product_zoom": "https://cdn1.matsmart.se/sites/se/files/styles/product_zoom/public/products/bonduelle_quinoa.jpg?itok=Hgs8g5m-"}}], "max_purchase": "", "prices": {"comparison_price": "41,18 kr/kg", "price": {"amount": "1200", "currency_code": "SEK", "data": {"components": []}}, "old_price": {"amount": "2395", "currency_code": "SEK", "data": {"components": []}}, "price_table": {"amount": "1000", "currency_code": "SEK", "min_qty": "3", "max_qty": "-1", "data": {"components": []}}}, "size": "2 x 85g", "status": "1", "stock": 0, "vat_rate": "se_intermediate", "volume": {"length": "13.50000", "width": "6.00000", "height": "4.00000", "unit": "cm"}, "weight": {"weight": "239.00000", "unit": "g"}, "product_category": "20456", "suppliers": [], "seasonal_themes": []}], "published": "0", "status": "0", "sticky": "0", "tags": ["15376", "22361", "22401"]}, {"id": "186466", "label": "Eko Chiafr\u00f6n 400g", "self": "https://api.matsmart.se/api/v1.0/product-displays/186466", "brand": "9917", "brand_name": "Superfruit", "categories": ["14956"], "created": "1560341434", "exclude_from_list": null, "product_info": "Ekologiska chiafr\u00f6n. Rika p\u00e5 omega-3, fiber och \u00e4r en k\u00e4lla till protein.\u00a0", "market": "SE", "products": [{"id": "61031", "label": "Superfruit Foods Chia Fr\u00f6n 400g EKO", "self": "https://api.matsmart.se/api/v1.0/products/61031", "best_before": "1581634800", "product_contents": [{"id": "250851", "self": "https://cdn2.matsmart.se/sites/se/files/product_contents/superfruit_foods_chia_seeds_400g_innehall.jpg", "filemime": "image/jpeg", "filesize": "455423", "width": "800", "height": "800", "styles": ""}], "sku": "MS107460", "gtin": "7350039931800", "images": [{"id": "250846", "self": "https://cdn2.matsmart.se/sites/se/files/products/superfruit_foods_chia_seeds_400g.jpg", "filemime": "image/jpeg", "filesize": "266288", "width": "800", "height": "800", "styles": {"product_full": "https://cdn2.matsmart.se/sites/se/files/styles/product_full/public/products/superfruit_foods_chia_seeds_400g.jpg?itok=JmTzQkkA", "product_full_2x": "https://cdn2.matsmart.se/sites/se/files/styles/product_full_2x/public/products/superfruit_foods_chia_seeds_400g.jpg?itok=SP1Z96zU", "product_teaser": "https://cdn2.matsmart.se/sites/se/files/styles/product_teaser/public/products/superfruit_foods_chia_seeds_400g.jpg?itok=fErkabnR", "product_teaser_2x": "https://cdn2.matsmart.se/sites/se/files/styles/product_teaser_2x/public/products/superfruit_foods_chia_seeds_400g.jpg?itok=_JoOb-YO", "product_zoom": "https://cdn2.matsmart.se/sites/se/files/styles/product_zoom/public/products/superfruit_foods_chia_seeds_400g.jpg?itok=uChEcnB9"}}], "max_purchase": "", "prices": {"comparison_price": "147,50 kr/kg", "price": {"amount": "5900", "currency_code": "SEK", "data": {"components": []}}, "old_price": {"amount": "8900", "currency_code": "SEK", "data": {"components": []}}}, "size": "400g", "status": "1", "stock": 0, "vat_rate": "se_intermediate", "volume": {"length": "16.00000", "width": "4.00000", "height": "23.50000", "unit": "cm"}, "weight": {"weight": "416.00000", "unit": "g"}, "product_category": null, "suppliers": [], "seasonal_themes": []}], "published": "0", "status": "0", "sticky": "0", "tags": ["679"]}, {"id": "190191", "label": "Havreflakes Hallon & Quinoa", "self": "https://api.matsmart.se/api/v1.0/product-displays/190191", "brand": "547", "brand_name": "Axa", "categories": ["14951", "16826"], "created": "1572957049", "exclude_from_list": false, "product_info": "Havre Flakes Raspberry &amp; Quinoa best\u00e5r till skillnad fr\u00e5n de flesta andra flingor p\u00e5 marknaden endast av fullkornshavre som spannm\u00e5l. Helt\u00a0naturligt rik p\u00e5 fullkorn och fibrer. Hallonens s\u00f6tma gifter sig fint med flingorna!", "market": "SE", "products": [{"id": "62301", "label": "Havre Flakes Raspberry/Quinoa 350g", "self": "https://api.matsmart.se/api/v1.0/products/62301", "best_before": "1581721200", "product_contents": [{"id": "262521", "self": "https://cdn2.matsmart.se/sites/se/files/product_contents/havreflakes_rasberry_quinoa.jpg", "filemime": "image/jpeg", "filesize": "458563", "width": "800", "height": "800", "styles": ""}, {"id": "313631", "self": "https://cdn1.matsmart.se/sites/se/files/product_contents/havre_flakes_1.jpg", "filemime": "image/jpeg", "filesize": "172276", "width": "832", "height": "700", "styles": ""}], "sku": "MS107705", "gtin": "7310130007422", "images": [{"id": "262516", "self": "https://cdn1.matsmart.se/sites/se/files/products/hvare_flakes_rasberry_quinoa.jpg", "filemime": "image/jpeg", "filesize": "283584", "width": "800", "height": "800", "styles": {"product_full": "https://cdn1.matsmart.se/sites/se/files/styles/product_full/public/products/hvare_flakes_rasberry_quinoa.jpg?itok=hcTQhv2Z", "product_full_2x": "https://cdn1.matsmart.se/sites/se/files/styles/product_full_2x/public/products/hvare_flakes_rasberry_quinoa.jpg?itok=iFN8LE7c", "product_teaser": "https://cdn1.matsmart.se/sites/se/files/styles/product_teaser/public/products/hvare_flakes_rasberry_quinoa.jpg?itok=kwyljUxu", "product_teaser_2x": "https://cdn1.matsmart.se/sites/se/files/styles/product_teaser_2x/public/products/hvare_flakes_rasberry_quinoa.jpg?itok=ChdICSPp", "product_zoom": "https://cdn1.matsmart.se/sites/se/files/styles/product_zoom/public/products/hvare_flakes_rasberry_quinoa.jpg?itok=zTpOn4bl"}}], "max_purchase": "", "prices": {"comparison_price": "57,14 kr/kg", "price": {"amount": "2900", "currency_code": "SEK", "data": {"components": []}}, "old_price": {"amount": "4390", "currency_code": "SEK", "data": {"components": []}}}, "size": "350g", "status": "1", "stock": 0, "vat_rate": "se_intermediate", "volume": {"length": "27.00000", "width": "20.00000", "height": "5.00000", "unit": "cm"}, "weight": {"weight": "420.00000", "unit": "g"}, "product_category": "20711", "suppliers": [], "seasonal_themes": []}], "published": "0", "status": "0", "sticky": "0", "tags": ["18161", "18351"]}, {"id": "190266", "label": "Eko Quinoa & Kik\u00e4rtsmix 350g", "self": "https://api.matsmart.se/api/v1.0/product-displays/190266", "brand": "1561", "brand_name": "GoGreen", "categories": ["14921", "16836"], "created": "1562589720", "exclude_from_list": false, "product_info": "Ekologisk mix av vit quinoa, kik\u00e4rtsbulgur, r\u00f6tt ris, gr\u00f6na \u00e4rter, svart quinoa och solrosfr\u00f6. Quinoa- &amp; Kik\u00e4rtsmix \u00e4r ett sp\u00e4nnande alternativ till pasta eller ris och dessutom en bra k\u00e4lla till protein och fiber.\u00a0", "market": "SE", "products": [{"id": "62326", "label": "Quinoa &amp; Kik\u00e4rtsmix Eko 350g", "self": "https://api.matsmart.se/api/v1.0/products/62326", "best_before": "1591826400", "product_contents": [{"id": "261861", "self": "https://cdn3.matsmart.se/sites/se/files/product_contents/kikartsmix.jpg", "filemime": "image/jpeg", "filesize": "505362", "width": "800", "height": "800", "styles": ""}], "sku": "MS107710", "gtin": "7310130009310", "images": [{"id": "261866", "self": "https://cdn1.matsmart.se/sites/se/files/products/gogreen_kikartsmix.jpg", "filemime": "image/jpeg", "filesize": "480502", "width": "800", "height": "800", "styles": {"product_full": "https://cdn1.matsmart.se/sites/se/files/styles/product_full/public/products/gogreen_kikartsmix.jpg?itok=NppbMypE", "product_full_2x": "https://cdn1.matsmart.se/sites/se/files/styles/product_full_2x/public/products/gogreen_kikartsmix.jpg?itok=pJde3vJO", "product_teaser": "https://cdn1.matsmart.se/sites/se/files/styles/product_teaser/public/products/gogreen_kikartsmix.jpg?itok=JswW57xH", "product_teaser_2x": "https://cdn1.matsmart.se/sites/se/files/styles/product_teaser_2x/public/products/gogreen_kikartsmix.jpg?itok=HHCnyTcL", "product_zoom": "https://cdn1.matsmart.se/sites/se/files/styles/product_zoom/public/products/gogreen_kikartsmix.jpg?itok=E4f5Zefq"}}], "max_purchase": "", "prices": {"comparison_price": "71,43 kr/kg", "price": {"amount": "2500", "currency_code": "SEK", "data": {"components": []}}, "old_price": {"amount": "3495", "currency_code": "SEK", "data": {"components": []}}}, "size": "350g", "status": "1", "stock": 0, "vat_rate": "se_intermediate", "volume": {"length": "15.00000", "width": "9.00000", "height": "4.50000", "unit": "cm"}, "weight": {"weight": "375.00000", "unit": "g"}, "product_category": "20456", "suppliers": [], "seasonal_themes": []}], "published": "0", "status": "0", "sticky": "0", "tags": ["679"]}, {"id": "191991", "label": "Eko Bovetesnacks 120g", "self": "https://api.matsmart.se/api/v1.0/product-displays/191991", "brand": "730", "brand_name": "Semper", "categories": ["14971"], "created": "1563458700", "exclude_from_list": null, "product_info": "Bovetebr\u00f6d gjort p\u00e5 ekologiska och glutenfria ingredienser. \u00c4t som ett nyttigt snacks!", "market": "SE", "products": [{"id": "62931", "label": "Eko Bovete Snack 120g", "self": "https://api.matsmart.se/api/v1.0/products/62931", "best_before": "1562796000", "product_contents": [{"id": "266351", "self": "https://cdn4.matsmart.se/sites/se/files/product_contents/semper_bovetesnacks_innehall.jpg", "filemime": "image/jpeg", "filesize": "351499", "width": "800", "height": "800", "styles": ""}], "sku": "MS107822", "gtin": "7310100555090", "images": [{"id": "266346", "self": "https://cdn4.matsmart.se/sites/se/files/products/semper_bovetesnacks.jpg", "filemime": "image/jpeg", "filesize": "380971", "width": "800", "height": "800", "styles": {"product_full": "https://cdn4.matsmart.se/sites/se/files/styles/product_full/public/products/semper_bovetesnacks.jpg?itok=oGtgjSLN", "product_full_2x": "https://cdn4.matsmart.se/sites/se/files/styles/product_full_2x/public/products/semper_bovetesnacks.jpg?itok=wZkadY96", "product_teaser": "https://cdn4.matsmart.se/sites/se/files/styles/product_teaser/public/products/semper_bovetesnacks.jpg?itok=vMW2FJ9W", "product_teaser_2x": "https://cdn4.matsmart.se/sites/se/files/styles/product_teaser_2x/public/products/semper_bovetesnacks.jpg?itok=_gfbFrSd", "product_zoom": "https://cdn4.matsmart.se/sites/se/files/styles/product_zoom/public/products/semper_bovetesnacks.jpg?itok=V0B4l9QC"}}], "max_purchase": "", "prices": {"comparison_price": "125,00 kr/kg", "price": {"amount": "1500", "currency_code": "SEK", "data": {"components": []}}, "old_price": {"amount": "2150", "currency_code": "SEK", "data": {"components": []}}}, "size": "120g", "status": "1", "stock": 0, "vat_rate": "se_intermediate", "volume": {"length": "13.00000", "width": "16.00000", "height": "6.50000", "unit": "cm"}, "weight": {"weight": "150.00000", "unit": "g"}, "product_category": null, "suppliers": [], "seasonal_themes": []}], "published": "0", "status": "0", "sticky": "0", "tags": ["679", "9398"]}, {"id": "192081", "label": "Br\u00f6dmix \"Oat & Quinoa\" 460g", "self": "https://api.matsmart.se/api/v1.0/product-displays/192081", "brand": "730", "brand_name": "Semper", "categories": ["14971"], "created": "1563354267", "exclude_from_list": false, "product_info": "Fiberrik br\u00f6dmix med havre och quinoa. Mixen \u00e4r glutenfri, laktosfri, utan tillsatt vetest\u00e4rkelse och socker. Med br\u00f6dmixen kan du baka frukostbr\u00f6d, limpa, kn\u00e4ckebr\u00f6d och focaccia.", "market": "SE", "products": [{"id": "62961", "label": "OAT &amp; QUINOA BREAD MIX 460g", "self": "https://api.matsmart.se/api/v1.0/products/62961", "best_before": "1575414000", "product_contents": [{"id": "265676", "self": "https://cdn3.matsmart.se/sites/se/files/product_contents/semper_bread_mix_innehall.jpg", "filemime": "image/jpeg", "filesize": "487915", "width": "800", "height": "800", "styles": ""}], "sku": "MS107828", "gtin": "7310100556325", "images": [{"id": "265671", "self": "https://cdn2.matsmart.se/sites/se/files/products/semper_bread_mix.jpg", "filemime": "image/jpeg", "filesize": "504556", "width": "800", "height": "800", "styles": {"product_full": "https://cdn2.matsmart.se/sites/se/files/styles/product_full/public/products/semper_bread_mix.jpg?itok=fzNIaIo7", "product_full_2x": "https://cdn2.matsmart.se/sites/se/files/styles/product_full_2x/public/products/semper_bread_mix.jpg?itok=GeWoaDJU", "product_teaser": "https://cdn2.matsmart.se/sites/se/files/styles/product_teaser/public/products/semper_bread_mix.jpg?itok=R6blGYSD", "product_teaser_2x": "https://cdn2.matsmart.se/sites/se/files/styles/product_teaser_2x/public/products/semper_bread_mix.jpg?itok=XsA0RrFR", "product_zoom": "https://cdn2.matsmart.se/sites/se/files/styles/product_zoom/public/products/semper_bread_mix.jpg?itok=W6W8UOYq"}}], "max_purchase": "", "prices": {"comparison_price": "41,30 kr/kg", "price": {"amount": "1900", "currency_code": "SEK", "data": {"components": []}}, "old_price": {"amount": "2795", "currency_code": "SEK", "data": {"components": []}}, "price_table": {"amount": "1500", "currency_code": "SEK", "min_qty": "2", "max_qty": "-1", "data": {"components": []}}}, "size": "460g", "status": "1", "stock": 0, "vat_rate": "se_intermediate", "volume": {"length": "19.00000", "width": "13.00000", "height": "5.50000", "unit": "cm"}, "weight": {"weight": "530.00000", "unit": "g"}, "product_category": null, "suppliers": [], "seasonal_themes": []}], "published": "0", "status": "0", "sticky": "1", "tags": ["9398"]}, {"id": "192306", "label": "Minikakor Chia & Hallon", "self": "https://api.matsmart.se/api/v1.0/product-displays/192306", "brand": "125", "brand_name": "Friggs", "categories": ["14976"], "created": "1584108948", "exclude_from_list": false, "product_info": "Friggs minikakor chia och hallon inneh\u00e5ller bara naturligt f\u00f6rekommande socker och dessutom fibrer, magnesium, fosfor och vitamin E.\u00a0", "market": "SE", "products": [{"id": "63036", "label": "FR Cookie LS Chia/Raspberry", "self": "https://api.matsmart.se/api/v1.0/products/63036", "best_before": "1589320800", "product_contents": [{"id": "265646", "self": "https://cdn2.matsmart.se/sites/se/files/product_contents/friggs_minicookies_chia_hallon_innehall.jpg", "filemime": "image/jpeg", "filesize": "394021", "width": "800", "height": "800", "styles": ""}], "sku": "MS107845", "gtin": "7350028546565", "images": [{"id": "265641", "self": "https://cdn2.matsmart.se/sites/se/files/products/friggs_minicookies_chia_hallon.jpg", "filemime": "image/jpeg", "filesize": "468425", "width": "800", "height": "800", "styles": {"product_full": "https://cdn2.matsmart.se/sites/se/files/styles/product_full/public/products/friggs_minicookies_chia_hallon.jpg?itok=qShsCwAP", "product_full_2x": "https://cdn2.matsmart.se/sites/se/files/styles/product_full_2x/public/products/friggs_minicookies_chia_hallon.jpg?itok=mGLnCgXe", "product_teaser": "https://cdn2.matsmart.se/sites/se/files/styles/product_teaser/public/products/friggs_minicookies_chia_hallon.jpg?itok=LiVWWMSj", "product_teaser_2x": "https://cdn2.matsmart.se/sites/se/files/styles/product_teaser_2x/public/products/friggs_minicookies_chia_hallon.jpg?itok=x2cbhOoZ", "product_zoom": "https://cdn2.matsmart.se/sites/se/files/styles/product_zoom/public/products/friggs_minicookies_chia_hallon.jpg?itok=mTBb2jwa"}}], "max_purchase": "", "prices": {"comparison_price": "158,33 kr/kg", "price": {"amount": "1900", "currency_code": "SEK", "data": {"components": []}}, "old_price": {"amount": "2890", "currency_code": "SEK", "data": {"components": []}}}, "size": "120g", "status": "1", "stock": 1, "vat_rate": "se_intermediate", "volume": {"length": "16.00000", "width": "8.00000", "height": "12.50000", "unit": "cm"}, "weight": {"weight": "137.00000", "unit": "g"}, "product_category": "20776", "suppliers": [], "seasonal_themes": []}], "published": "0", "status": "0", "sticky": "0", "tags": ["18556"]}, {"id": "192706", "label": "Eko Chiagranola Kokos, Mandel & Kardemumma 350g", "self": "https://api.matsmart.se/api/v1.0/product-displays/192706", "brand": "8546", "brand_name": "Ren\u00e9e Voltaire", "categories": ["14951"], "created": "1563530111", "exclude_from_list": false, "product_info": "Granola med chia, kokos, mandlar och kardemumma. Granolan \u00e4r ekologisk och glutenfri. Gott till frukost eller som mellanm\u00e5l.", "market": "SE", "products": [{"id": "63176", "label": "Chiagranola Mandel 350g (6) EKO", "self": "https://api.matsmart.se/api/v1.0/products/63176", "best_before": "1569967200", "product_contents": [{"id": "266726", "self": "https://cdn3.matsmart.se/sites/se/files/product_contents/renee_voltaire_chiagranola_innehall.jpg", "filemime": "image/jpeg", "filesize": "172617", "width": "800", "height": "800", "styles": ""}], "sku": "MS107871", "gtin": "7340130503204", "images": [{"id": "266721", "self": "https://cdn4.matsmart.se/sites/se/files/products/renee_voltaire_chiagranola.jpg", "filemime": "image/jpeg", "filesize": "262539", "width": "800", "height": "800", "styles": {"product_full": "https://cdn4.matsmart.se/sites/se/files/styles/product_full/public/products/renee_voltaire_chiagranola.jpg?itok=pvVpYf-I", "product_full_2x": "https://cdn4.matsmart.se/sites/se/files/styles/product_full_2x/public/products/renee_voltaire_chiagranola.jpg?itok=ndfIlHU6", "product_teaser": "https://cdn4.matsmart.se/sites/se/files/styles/product_teaser/public/products/renee_voltaire_chiagranola.jpg?itok=XkrRExBl", "product_teaser_2x": "https://cdn4.matsmart.se/sites/se/files/styles/product_teaser_2x/public/products/renee_voltaire_chiagranola.jpg?itok=TCwQss7d", "product_zoom": "https://cdn4.matsmart.se/sites/se/files/styles/product_zoom/public/products/renee_voltaire_chiagranola.jpg?itok=0ntr8eAZ"}}], "max_purchase": "", "prices": {"comparison_price": "140,00 kr/kg", "price": {"amount": "3900", "currency_code": "SEK", "data": {"components": []}}, "old_price": {"amount": "7500", "currency_code": "SEK", "data": {"components": []}}}, "size": "350g", "status": "1", "stock": 0, "vat_rate": "se_intermediate", "volume": {"length": "19.50000", "width": "12.00000", "height": "7.50000", "unit": "cm"}, "weight": {"weight": "389.00000", "unit": "g"}, "product_category": null, "suppliers": [], "seasonal_themes": []}], "published": "0", "status": "0", "sticky": "0", "tags": ["679", "9398"]}, {"id": "192841", "label": "Kosttillskott \"Chia Omega3\" 60-pack", "self": "https://api.matsmart.se/api/v1.0/product-displays/192841", "brand": "9917", "brand_name": "Superfruit", "categories": ["14996"], "created": "1563865356", "exclude_from_list": null, "product_info": "Vegetabiliska softgelkapslar med Omega3 fr\u00e5n chiafr\u00f6olja. Rekommenderat intag \u00e4r tv\u00e5 kapslar om dagen i samband med m\u00e5ltid.", "market": "SE", "products": [{"id": "63221", "label": "Superfruit Chia Omega 3 Kapslar 60 x 500mg", "self": "https://api.matsmart.se/api/v1.0/products/63221", "best_before": "1570140000", "product_contents": [{"id": "267851", "self": "https://cdn3.matsmart.se/sites/se/files/product_contents/chia_omgea_3.jpg", "filemime": "image/jpeg", "filesize": "162798", "width": "800", "height": "800", "styles": ""}], "sku": "MS107880", "gtin": "7350039931046", "images": [{"id": "267846", "self": "https://cdn2.matsmart.se/sites/se/files/products/chia_omega_3.jpg", "filemime": "image/jpeg", "filesize": "54332", "width": "800", "height": "800", "styles": {"product_full": "https://cdn2.matsmart.se/sites/se/files/styles/product_full/public/products/chia_omega_3.jpg?itok=eFBibQB7", "product_full_2x": "https://cdn2.matsmart.se/sites/se/files/styles/product_full_2x/public/products/chia_omega_3.jpg?itok=0IT3eitx", "product_teaser": "https://cdn2.matsmart.se/sites/se/files/styles/product_teaser/public/products/chia_omega_3.jpg?itok=TeCJcRBk", "product_teaser_2x": "https://cdn2.matsmart.se/sites/se/files/styles/product_teaser_2x/public/products/chia_omega_3.jpg?itok=gNX5bGh0", "product_zoom": "https://cdn2.matsmart.se/sites/se/files/styles/product_zoom/public/products/chia_omega_3.jpg?itok=TvfcOxjo"}}], "max_purchase": "", "prices": {"comparison_price": "99,00 kr/st", "price": {"amount": "9900", "currency_code": "SEK", "data": {"components": []}}, "old_price": {"amount": "14800", "currency_code": "SEK", "data": {"components": []}}}, "size": "60-pack", "status": "1", "stock": 0, "vat_rate": "se_intermediate", "volume": {"length": "9.00000", "width": "5.00000", "height": "5.00000", "unit": "cm"}, "weight": {"weight": "66.00000", "unit": "g"}, "product_category": null, "suppliers": [], "seasonal_themes": []}], "published": "0", "status": "0", "sticky": "0", "tags": []}, {"id": "195171", "label": "Quinoa & Kik\u00e4rtsmix Eko", "self": "https://api.matsmart.se/api/v1.0/product-displays/195171", "brand": null, "brand_name": "", "categories": [], "created": "1565236803", "exclude_from_list": null, "product_info": null, "market": "SE", "products": [{"id": "64041", "label": "Quinoa & Kik\u00e4rtsmix Eko", "self": "https://api.matsmart.se/api/v1.0/products/64041", "best_before": null, "product_contents": [], "sku": "MS108033", "gtin": "731013009310", "images": [], "max_purchase": "", "prices": {"price": {"amount": "2500", "currency_code": "SEK", "data": {"components": []}}, "old_price": {"amount": "3495", "currency_code": "SEK", "data": {"components": []}}}, "size": null, "status": "1", "stock": 0, "vat_rate": "se_intermediate", "volume": null, "weight": {"weight": "0.00000", "unit": "g"}, "product_category": null, "suppliers": [], "seasonal_themes": []}], "published": "0", "status": "0", "sticky": "0", "tags": []}, {"id": "195276", "label": "Nachochips \"Chia & Sea Salt\" 150g", "self": "https://api.matsmart.se/api/v1.0/product-displays/195276", "brand": "8688", "brand_name": "Linkosuo", "categories": ["15006"], "created": "1565871587", "exclude_from_list": false, "product_info": "Krispiga havre nachos med chiafr\u00f6n och havssalt.\u00a0", "market": "SE", "products": [{"id": "64076", "label": "Kauranachot \"Chia & Sea Salt\" 150g", "self": "https://api.matsmart.se/api/v1.0/products/64076", "best_before": "1585090800", "product_contents": [{"id": "275956", "self": "https://cdn1.matsmart.se/sites/se/files/product_contents/oat_nacho_chips_1.jpg", "filemime": "image/jpeg", "filesize": "291285", "width": "800", "height": "800", "styles": ""}, {"id": "275961", "self": "https://cdn1.matsmart.se/sites/se/files/product_contents/oat_nacko_chips_2.jpg", "filemime": "image/jpeg", "filesize": "305123", "width": "800", "height": "800", "styles": ""}], "sku": "MS108040", "gtin": "6420400007524", "images": [{"id": "275951", "self": "https://cdn4.matsmart.se/sites/se/files/products/oat_nachos.jpg", "filemime": "image/jpeg", "filesize": "248634", "width": "800", "height": "800", "styles": {"product_full": "https://cdn4.matsmart.se/sites/se/files/styles/product_full/public/products/oat_nachos.jpg?itok=n6KjlJxR", "product_full_2x": "https://cdn4.matsmart.se/sites/se/files/styles/product_full_2x/public/products/oat_nachos.jpg?itok=ajiV-yE6", "product_teaser": "https://cdn4.matsmart.se/sites/se/files/styles/product_teaser/public/products/oat_nachos.jpg?itok=8jx7-Yj5", "product_teaser_2x": "https://cdn4.matsmart.se/sites/se/files/styles/product_teaser_2x/public/products/oat_nachos.jpg?itok=5dXYxt33", "product_zoom": "https://cdn4.matsmart.se/sites/se/files/styles/product_zoom/public/products/oat_nachos.jpg?itok=u73x-sVs"}}], "max_purchase": "", "prices": {"comparison_price": "100,00 kr/kg", "price": {"amount": "1500", "currency_code": "SEK", "data": {"components": []}}, "old_price": {"amount": "2190", "currency_code": "SEK", "data": {"components": []}}}, "size": "150g", "status": "1", "stock": 101, "vat_rate": "se_intermediate", "volume": {"length": "25.00000", "width": "23.00000", "height": "8.00000", "unit": "cm"}, "weight": {"weight": "166.00000", "unit": "g"}, "product_category": "20981", "suppliers": [], "seasonal_themes": []}], "published": "0", "status": "0", "sticky": "0", "tags": []}, {"id": "195946", "label": "Bovete Krossat 400g", "self": "https://api.matsmart.se/api/v1.0/product-displays/195946", "brand": "534", "brand_name": "Risenta", "categories": ["14921"], "created": "1566210274", "exclude_from_list": null, "product_info": "Krossat bovete inneh\u00e5ller alla de proteiner som kroppen beh\u00f6ver. Passar bra i br\u00f6d, gr\u00f6t och olika vegetariska varmr\u00e4tter.", "market": "SE", "products": [{"id": "64306", "label": "Bovete Krossat 400g", "self": "https://api.matsmart.se/api/v1.0/products/64306", "best_before": "1582585200", "product_contents": [{"id": "277296", "self": "https://cdn4.matsmart.se/sites/se/files/product_contents/bovete.jpg", "filemime": "image/jpeg", "filesize": "341083", "width": "800", "height": "800", "styles": ""}], "sku": "MS108084", "gtin": "7312631103108", "images": [{"id": "277291", "self": "https://cdn4.matsmart.se/sites/se/files/products/bovete.jpg", "filemime": "image/jpeg", "filesize": "159133", "width": "800", "height": "800", "styles": {"product_full": "https://cdn4.matsmart.se/sites/se/files/styles/product_full/public/products/bovete.jpg?itok=qeILuICv", "product_full_2x": "https://cdn4.matsmart.se/sites/se/files/styles/product_full_2x/public/products/bovete.jpg?itok=SSNZf47G", "product_teaser": "https://cdn4.matsmart.se/sites/se/files/styles/product_teaser/public/products/bovete.jpg?itok=Pa4fsshD", "product_teaser_2x": "https://cdn4.matsmart.se/sites/se/files/styles/product_teaser_2x/public/products/bovete.jpg?itok=8eeSX3Tu", "product_zoom": "https://cdn4.matsmart.se/sites/se/files/styles/product_zoom/public/products/bovete.jpg?itok=27OGPBLy"}}], "max_purchase": "", "prices": {"comparison_price": "47,50 kr/kg", "price": {"amount": "1900", "currency_code": "SEK", "data": {"components": []}}, "old_price": {"amount": "2400", "currency_code": "SEK", "data": {"components": []}}}, "size": "400g", "status": "1", "stock": -2, "vat_rate": "se_intermediate", "volume": {"length": "21.00000", "width": "10.00000", "height": "4.00000", "unit": "cm"}, "weight": {"weight": "406.00000", "unit": "g"}, "product_category": null, "suppliers": [], "seasonal_themes": []}], "published": "0", "status": "0", "sticky": "0", "tags": []}, {"id": "195991", "label": "R\u00f6d Quinoa Eko 500g", "self": "https://api.matsmart.se/api/v1.0/product-displays/195991", "brand": "534", "brand_name": "Risenta", "categories": ["14921"], "created": "1566219857", "exclude_from_list": null, "product_info": "Risentas ekologiska och r\u00f6da quinoa \u00e4r ett utm\u00e4rkt alternativ till ris och passar till de flesta r\u00e4tter.", "market": "SE", "products": [{"id": "64321", "label": "R\u00f6d Quinoa Eko 500g", "self": "https://api.matsmart.se/api/v1.0/products/64321", "best_before": "1578956400", "product_contents": [{"id": "277346", "self": "https://cdn4.matsmart.se/sites/se/files/product_contents/rod_q.jpg", "filemime": "image/jpeg", "filesize": "290757", "width": "800", "height": "800", "styles": ""}], "sku": "MS108087", "gtin": "7312631110205", "images": [{"id": "277341", "self": "https://cdn4.matsmart.se/sites/se/files/products/rod_q.jpg", "filemime": "image/jpeg", "filesize": "137599", "width": "800", "height": "800", "styles": {"product_full": "https://cdn4.matsmart.se/sites/se/files/styles/product_full/public/products/rod_q.jpg?itok=xaqoGSfQ", "product_full_2x": "https://cdn4.matsmart.se/sites/se/files/styles/product_full_2x/public/products/rod_q.jpg?itok=h-gDr6R3", "product_teaser": "https://cdn4.matsmart.se/sites/se/files/styles/product_teaser/public/products/rod_q.jpg?itok=RUMnIo4V", "product_teaser_2x": "https://cdn4.matsmart.se/sites/se/files/styles/product_teaser_2x/public/products/rod_q.jpg?itok=g6AremD1", "product_zoom": "https://cdn4.matsmart.se/sites/se/files/styles/product_zoom/public/products/rod_q.jpg?itok=k0OG2Lh5"}}], "max_purchase": "", "prices": {"comparison_price": "70,00 kr/kg", "price": {"amount": "3500", "currency_code": "SEK", "data": {"components": []}}, "old_price": {"amount": "4695", "currency_code": "SEK", "data": {"components": []}}}, "size": "500g", "status": "1", "stock": 0, "vat_rate": "se_intermediate", "volume": {"length": "19.00000", "width": "11.00000", "height": "4.00000", "unit": "cm"}, "weight": {"weight": "529.00000", "unit": "g"}, "product_category": null, "suppliers": [], "seasonal_themes": []}], "published": "0", "status": "0", "sticky": "0", "tags": ["679"]}, {"id": "197666", "label": "Kn\u00e4ckebr\u00f6d Chia", "self": "https://api.matsmart.se/api/v1.0/product-displays/197666", "brand": "5952", "brand_name": "Ryvita", "categories": ["14971"], "created": "1588056848", "exclude_from_list": false, "product_info": "R\u00e5gkn\u00e4ckebr\u00f6d med \u00e4rtprotein, bovete och chiafr\u00f6n.", "market": "SE", "products": [{"id": "64896", "label": "Chia &amp; Buckwheat Crispbread", "self": "https://api.matsmart.se/api/v1.0/products/64896", "best_before": "1588802400", "product_contents": [{"id": "357961", "self": "https://cdn2.matsmart.se/sites/se/files/product_contents/ryvita_chia_seed_buckwheat_innehall.jpg", "filemime": "image/jpeg", "filesize": "407779", "width": "800", "height": "800", "styles": ""}, {"id": "357966", "self": "https://cdn1.matsmart.se/sites/se/files/product_contents/ryvita_chia_seed_buckwheat_naringsvarde.jpg", "filemime": "image/jpeg", "filesize": "245891", "width": "800", "height": "800", "styles": ""}], "sku": "MS108197", "gtin": "5050974713296", "images": [{"id": "357956", "self": "https://cdn2.matsmart.se/sites/se/files/products/ryvita_chia_seed_buckwheat_front.jpg", "filemime": "image/jpeg", "filesize": "438661", "width": "800", "height": "800", "styles": {"product_full": "https://cdn2.matsmart.se/sites/se/files/styles/product_full/public/products/ryvita_chia_seed_buckwheat_front.jpg?itok=1a1GEfyR", "product_full_2x": "https://cdn2.matsmart.se/sites/se/files/styles/product_full_2x/public/products/ryvita_chia_seed_buckwheat_front.jpg?itok=990SxHc2", "product_teaser": "https://cdn2.matsmart.se/sites/se/files/styles/product_teaser/public/products/ryvita_chia_seed_buckwheat_front.jpg?itok=gzhM8sX1", "product_teaser_2x": "https://cdn2.matsmart.se/sites/se/files/styles/product_teaser_2x/public/products/ryvita_chia_seed_buckwheat_front.jpg?itok=aXPUa2yQ", "product_zoom": "https://cdn2.matsmart.se/sites/se/files/styles/product_zoom/public/products/ryvita_chia_seed_buckwheat_front.jpg?itok=BSfFIoW8"}}], "max_purchase": "", "prices": {"comparison_price": "75,00 kr/kg", "price": {"amount": "1500", "currency_code": "SEK", "data": {"components": []}}, "old_price": {"amount": "2195", "currency_code": "SEK", "data": {"components": []}}, "price_table": {"amount": "1250", "currency_code": "SEK", "min_qty": "2", "max_qty": "-1", "data": {"components": []}}}, "size": "200g", "status": "1", "stock": 101, "vat_rate": "se_intermediate", "volume": null, "weight": {"weight": "0.00000", "unit": "g"}, "product_category": "20751", "suppliers": [], "seasonal_themes": []}], "published": "1588056849", "status": "1", "sticky": "0", "tags": ["22756"]}, {"id": "198361", "label": "Smoothie Mango & Passionsfrukt", "self": "https://api.matsmart.se/api/v1.0/product-displays/198361", "brand": "22411", "brand_name": "Dejunked", "categories": ["15046"], "created": "1586422973", "exclude_from_list": true, "product_info": "En fr\u00e4sch mix av chiafr\u00f6n, mango, passionsfrukt, toppad med gurkmeja i en smidig squeezy. 100% naturliga och ekologiska ingredienser och helt utan tillsatser och socker. Redo att avnjutas var du \u00e4n befinner dig!", "market": "SE", "products": [{"id": "65141", "label": "Dejunked Chia Smoothie Yellow EKO", "self": "https://api.matsmart.se/api/v1.0/products/65141", "best_before": "1599256800", "product_contents": [{"id": "349261", "self": "https://cdn3.matsmart.se/sites/se/files/product_contents/dejunked_mango_passion_fruit_lemon_turmeric_innehall_1_ny.jpg", "filemime": "image/jpeg", "filesize": "508949", "width": "800", "height": "800", "styles": ""}, {"id": "349266", "self": "https://cdn3.matsmart.se/sites/se/files/product_contents/dejunked_mango_passion_lemon_turmeric_innehall_2_ny.jpg", "filemime": "image/jpeg", "filesize": "365862", "width": "800", "height": "800", "styles": ""}], "sku": "MS108244", "gtin": "7350090030047", "images": [{"id": "285296", "self": "https://cdn3.matsmart.se/sites/se/files/products/mango_organic.jpg", "filemime": "image/jpeg", "filesize": "192729", "width": "800", "height": "800", "styles": {"product_full": "https://cdn3.matsmart.se/sites/se/files/styles/product_full/public/products/mango_organic.jpg?itok=HxznWnWY", "product_full_2x": "https://cdn3.matsmart.se/sites/se/files/styles/product_full_2x/public/products/mango_organic.jpg?itok=51W1f_4L", "product_teaser": "https://cdn3.matsmart.se/sites/se/files/styles/product_teaser/public/products/mango_organic.jpg?itok=jvEUhUaU", "product_teaser_2x": "https://cdn3.matsmart.se/sites/se/files/styles/product_teaser_2x/public/products/mango_organic.jpg?itok=8ZUQCfY8", "product_zoom": "https://cdn3.matsmart.se/sites/se/files/styles/product_zoom/public/products/mango_organic.jpg?itok=RLf1I2Ee"}}], "max_purchase": "", "prices": {"comparison_price": "100,00 kr/kg", "price": {"amount": "1200", "currency_code": "SEK", "data": {"components": []}}, "old_price": {"amount": "1690", "currency_code": "SEK", "data": {"components": []}}, "price_table": {"amount": "1000", "currency_code": "SEK", "min_qty": "3", "max_qty": "-1", "data": {"components": []}}}, "size": "120g", "status": "1", "stock": 101, "vat_rate": "se_intermediate", "volume": {"length": "16.50000", "width": "7.00000", "height": "3.00000", "unit": "cm"}, "weight": {"weight": "128.00000", "unit": "g"}, "product_category": "21106", "suppliers": [], "seasonal_themes": []}], "published": "1583740744", "status": "1", "sticky": "0", "tags": ["679", "22396", "22481", "22686"]}, {"id": "198376", "label": "Smoothie \u00c4pple Kiwi & Banan", "self": "https://api.matsmart.se/api/v1.0/product-displays/198376", "brand": "22411", "brand_name": "Dejunked", "categories": ["15046"], "created": "1586422962", "exclude_from_list": false, "product_info": "Chia smoothie med smak av \u00e4pple, kiwi och banan. D\u00e5 smoothien toppats med spirulina inneh\u00e5ller mellanm\u00e5let ocks\u00e5 omega-3.\u00a0", "market": "SE", "products": [{"id": "65146", "label": "Dejunked Chia Smoothie Green EKO", "self": "https://api.matsmart.se/api/v1.0/products/65146", "best_before": "1599256800", "product_contents": [{"id": "349271", "self": "https://cdn2.matsmart.se/sites/se/files/product_contents/dejunked_apple_kiwi_banana_spirulina_innehall_1_ny.jpg", "filemime": "image/jpeg", "filesize": "435313", "width": "800", "height": "800", "styles": ""}, {"id": "349276", "self": "https://cdn2.matsmart.se/sites/se/files/product_contents/dejunked_apple_kiwi_banana_spirulina_innehall_2_ny.jpg", "filemime": "image/jpeg", "filesize": "356925", "width": "800", "height": "800", "styles": ""}], "sku": "MS108245", "gtin": "7350090030054", "images": [{"id": "285316", "self": "https://cdn4.matsmart.se/sites/se/files/products/apple_kiwi_smoothie.jpg", "filemime": "image/jpeg", "filesize": "188349", "width": "800", "height": "800", "styles": {"product_full": "https://cdn4.matsmart.se/sites/se/files/styles/product_full/public/products/apple_kiwi_smoothie.jpg?itok=SVrU2LLI", "product_full_2x": "https://cdn4.matsmart.se/sites/se/files/styles/product_full_2x/public/products/apple_kiwi_smoothie.jpg?itok=JtFPyY-A", "product_teaser": "https://cdn4.matsmart.se/sites/se/files/styles/product_teaser/public/products/apple_kiwi_smoothie.jpg?itok=voktqjIz", "product_teaser_2x": "https://cdn4.matsmart.se/sites/se/files/styles/product_teaser_2x/public/products/apple_kiwi_smoothie.jpg?itok=a2TEF4nw", "product_zoom": "https://cdn4.matsmart.se/sites/se/files/styles/product_zoom/public/products/apple_kiwi_smoothie.jpg?itok=qhd32_aV"}}], "max_purchase": "", "prices": {"comparison_price": "100,00 kr/kg", "price": {"amount": "1200", "currency_code": "SEK", "data": {"components": []}}, "old_price": {"amount": "1690", "currency_code": "SEK", "data": {"components": []}}, "price_table": {"amount": "1000", "currency_code": "SEK", "min_qty": "3", "max_qty": "-1", "data": {"components": []}}}, "size": "120g", "status": "1", "stock": 101, "vat_rate": "se_intermediate", "volume": {"length": "16.50000", "width": "7.00000", "height": "3.00000", "unit": "cm"}, "weight": {"weight": "124.00000", "unit": "g"}, "product_category": "21106", "suppliers": [], "seasonal_themes": []}], "published": "1586168401", "status": "1", "sticky": "0", "tags": ["679", "22686"]}, {"id": "198391", "label": "Eko Smoothie Hallon, Granat\u00e4pple, R\u00f6dbeta & Ingef\u00e4ra", "self": "https://api.matsmart.se/api/v1.0/product-displays/198391", "brand": "22411", "brand_name": "Dejunked", "categories": ["15046"], "created": "1583497689", "exclude_from_list": false, "product_info": "Chia smoothie med smak av hallon, granat\u00e4pple, r\u00f6dbeta och ingef\u00e4ra. Ett perfekt mellanm\u00e5l!", "market": "SE", "products": [{"id": "65151", "label": "Dejunked Chia Smoothie Pink EKO", "self": "https://api.matsmart.se/api/v1.0/products/65151", "best_before": "1599343200", "product_contents": [{"id": "349211", "self": "https://cdn1.matsmart.se/sites/se/files/product_contents/dejunked_pomegranate_innehall.jpg", "filemime": "image/jpeg", "filesize": "461650", "width": "800", "height": "800", "styles": ""}], "sku": "MS108246", "gtin": "7350090030030", "images": [{"id": "285326", "self": "https://cdn2.matsmart.se/sites/se/files/products/raspberry_smoothie.jpg", "filemime": "image/jpeg", "filesize": "177644", "width": "800", "height": "800", "styles": {"product_full": "https://cdn2.matsmart.se/sites/se/files/styles/product_full/public/products/raspberry_smoothie.jpg?itok=JMFFIvnl", "product_full_2x": "https://cdn2.matsmart.se/sites/se/files/styles/product_full_2x/public/products/raspberry_smoothie.jpg?itok=syyLFDe3", "product_teaser": "https://cdn2.matsmart.se/sites/se/files/styles/product_teaser/public/products/raspberry_smoothie.jpg?itok=wauN2aXW", "product_teaser_2x": "https://cdn2.matsmart.se/sites/se/files/styles/product_teaser_2x/public/products/raspberry_smoothie.jpg?itok=3XhAEQBe", "product_zoom": "https://cdn2.matsmart.se/sites/se/files/styles/product_zoom/public/products/raspberry_smoothie.jpg?itok=NaERJd3F"}}], "max_purchase": "", "prices": {"comparison_price": "100,00 kr/kg", "price": {"amount": "1200", "currency_code": "SEK", "data": {"components": []}}, "old_price": {"amount": "1690", "currency_code": "SEK", "data": {"components": []}}, "price_table": {"amount": "1000", "currency_code": "SEK", "min_qty": "3", "max_qty": "-1", "data": {"components": []}}}, "size": "120g", "status": "1", "stock": 0, "vat_rate": "se_intermediate", "volume": {"length": "16.50000", "width": "7.00000", "height": "3.00000", "unit": "cm"}, "weight": {"weight": "124.00000", "unit": "g"}, "product_category": "21106", "suppliers": [], "seasonal_themes": []}], "published": "0", "status": "0", "sticky": "0", "tags": ["679", "21746"]}, {"id": "203826", "label": "Quinoa Puffs 113g", "self": "https://api.matsmart.se/api/v1.0/product-displays/203826", "brand": "12926", "brand_name": "Eat Real", "categories": ["15006"], "created": "1568977204", "exclude_from_list": false, "product_info": "Veganska ostb\u00e5gar med gr\u00f6nk\u00e5l, vit cheddarost och jalapeno. Glutenfria och med 40% mindre fett \u00e4n vanliga chips.", "market": "SE", "products": [{"id": "66921", "label": "Quinoa Puffs Mediterranean", "self": "https://api.matsmart.se/api/v1.0/products/66921", "best_before": "1570917600", "product_contents": [{"id": "295301", "self": "https://cdn4.matsmart.se/sites/se/files/product_contents/quin_pulls.jpg", "filemime": "image/jpeg", "filesize": "194424", "width": "800", "height": "800", "styles": ""}], "sku": "MS108580", "gtin": "5026489500560", "images": [{"id": "295296", "self": "https://cdn4.matsmart.se/sites/se/files/products/quin_pulls.jpg", "filemime": "image/jpeg", "filesize": "207427", "width": "800", "height": "800", "styles": {"product_full": "https://cdn4.matsmart.se/sites/se/files/styles/product_full/public/products/quin_pulls.jpg?itok=CUUL9AHE", "product_full_2x": "https://cdn4.matsmart.se/sites/se/files/styles/product_full_2x/public/products/quin_pulls.jpg?itok=Lm0R_UkE", "product_teaser": "https://cdn4.matsmart.se/sites/se/files/styles/product_teaser/public/products/quin_pulls.jpg?itok=ylQxieRT", "product_teaser_2x": "https://cdn4.matsmart.se/sites/se/files/styles/product_teaser_2x/public/products/quin_pulls.jpg?itok=3fIKAgPB", "product_zoom": "https://cdn4.matsmart.se/sites/se/files/styles/product_zoom/public/products/quin_pulls.jpg?itok=qLAtBDsj"}}], "max_purchase": "", "prices": {"comparison_price": "88,50 kr/kg", "price": {"amount": "1000", "currency_code": "SEK", "data": {"components": []}}, "old_price": {"amount": "1990", "currency_code": "SEK", "data": {"components": []}}, "price_table": {"amount": "750", "currency_code": "SEK", "min_qty": "2", "max_qty": "-1", "data": {"components": []}}}, "size": "113g", "status": "1", "stock": 0, "vat_rate": "se_intermediate", "volume": {"length": "28.50000", "width": "17.00000", "height": "7.00000", "unit": "cm"}, "weight": {"weight": "122.50000", "unit": "g"}, "product_category": null, "suppliers": [], "seasonal_themes": []}], "published": "0", "status": "0", "sticky": "0", "tags": []}, {"id": "310851", "label": "Nutrilett 56g QuinoaNutCrunch glut,v\u00e4h\u00e4lakton atkorv.patukka", "self": "https://api.matsmart.se/api/v1.0/product-displays/310851", "brand": null, "brand_name": "", "categories": [], "created": "1569816005", "exclude_from_list": false, "product_info": null, "market": "SE", "products": [{"id": "67701", "label": "Nutrilett 56g QuinoaNutCrunch glut,v\u00e4h\u00e4lakton atkorv.patukka", "self": "https://api.matsmart.se/api/v1.0/products/67701", "best_before": null, "product_contents": [], "sku": "MS108729", "gtin": "7070866021153", "images": [], "max_purchase": "", "prices": {"price": {"amount": "16900", "currency_code": "SEK", "data": {"components": []}}, "old_price": {"amount": "29800", "currency_code": "SEK", "data": {"components": []}}}, "size": null, "status": "1", "stock": 0, "vat_rate": "se_intermediate", "volume": null, "weight": null, "product_category": null, "suppliers": [], "seasonal_themes": []}], "published": "0", "status": "0", "sticky": "0", "tags": []}, {"id": "311836", "label": "Kex Citron & Chiafr\u00f6n", "self": "https://api.matsmart.se/api/v1.0/product-displays/311836", "brand": "979", "brand_name": "WeightWatchers", "categories": ["14976"], "created": "1584366343", "exclude_from_list": true, "product_info": "Kex med citronsmak och chiafr\u00f6n.", "market": "SE", "products": [{"id": "68031", "label": "WW Chia &amp; Lemon Biscuits 120g", "self": "https://api.matsmart.se/api/v1.0/products/68031", "best_before": "1590962400", "product_contents": [{"id": "340066", "self": "https://cdn4.matsmart.se/sites/se/files/product_contents/ww_1_1.jpg", "filemime": "image/jpeg", "filesize": "464644", "width": "800", "height": "800", "styles": ""}], "sku": "MS108797", "gtin": "5051882198588", "images": [{"id": "298146", "self": "https://cdn2.matsmart.se/sites/se/files/products/ww_chia_lemon_biscuits.jpg", "filemime": "image/jpeg", "filesize": "408720", "width": "800", "height": "800", "styles": {"product_full": "https://cdn2.matsmart.se/sites/se/files/styles/product_full/public/products/ww_chia_lemon_biscuits.jpg?itok=3gyNAKRQ", "product_full_2x": "https://cdn2.matsmart.se/sites/se/files/styles/product_full_2x/public/products/ww_chia_lemon_biscuits.jpg?itok=3aMeRmFF", "product_teaser": "https://cdn2.matsmart.se/sites/se/files/styles/product_teaser/public/products/ww_chia_lemon_biscuits.jpg?itok=vSv-gdhx", "product_teaser_2x": "https://cdn2.matsmart.se/sites/se/files/styles/product_teaser_2x/public/products/ww_chia_lemon_biscuits.jpg?itok=vlKe-YTm", "product_zoom": "https://cdn2.matsmart.se/sites/se/files/styles/product_zoom/public/products/ww_chia_lemon_biscuits.jpg?itok=Ss1fKMgU"}}], "max_purchase": "", "prices": {"comparison_price": "183,33 kr/kg", "price": {"amount": "2200", "currency_code": "SEK", "data": {"components": []}}, "old_price": {"amount": "2900", "currency_code": "SEK", "data": {"components": []}}, "price_table": {"amount": "1950", "currency_code": "SEK", "min_qty": "2", "max_qty": "-1", "data": {"components": []}}}, "size": "12 x 10g", "status": "1", "stock": 0, "vat_rate": "se_intermediate", "volume": {"length": "19.00000", "width": "15.50000", "height": "3.00000", "unit": "cm"}, "weight": {"weight": "167.00000", "unit": "g"}, "product_category": "20761", "suppliers": [], "seasonal_themes": []}], "published": "0", "status": "0", "sticky": "0", "tags": ["22481"]}, {"id": "312151", "label": "Kakor Quinoa", "self": "https://api.matsmart.se/api/v1.0/product-displays/312151", "brand": "17756", "brand_name": "Oxfam", "categories": ["14976"], "created": "1571387172", "exclude_from_list": false, "product_info": "Supergoda kakor gjorda p\u00e5 quonia, \u00e4ven fairtrade-m\u00e4rkta.", "market": "SE", "products": [{"id": "68146", "label": "Quinoa-kakor 260g", "self": "https://api.matsmart.se/api/v1.0/products/68146", "best_before": "1573945200", "product_contents": [{"id": "303591", "self": "https://cdn2.matsmart.se/sites/se/files/product_contents/quinoa_kex.jpg", "filemime": "image/jpeg", "filesize": "100971", "width": "800", "height": "800", "styles": ""}], "sku": "MS108817", "gtin": "5400164150040", "images": [{"id": "303586", "self": "https://cdn2.matsmart.se/sites/se/files/products/quinoa_kex.jpg", "filemime": "image/jpeg", "filesize": "153864", "width": "800", "height": "800", "styles": {"product_full": "https://cdn2.matsmart.se/sites/se/files/styles/product_full/public/products/quinoa_kex.jpg?itok=HKfGEQJ0", "product_full_2x": "https://cdn2.matsmart.se/sites/se/files/styles/product_full_2x/public/products/quinoa_kex.jpg?itok=ZyjnABsl", "product_teaser": "https://cdn2.matsmart.se/sites/se/files/styles/product_teaser/public/products/quinoa_kex.jpg?itok=Evl0kG1R", "product_teaser_2x": "https://cdn2.matsmart.se/sites/se/files/styles/product_teaser_2x/public/products/quinoa_kex.jpg?itok=_QPmZ_i4", "product_zoom": "https://cdn2.matsmart.se/sites/se/files/styles/product_zoom/public/products/quinoa_kex.jpg?itok=Ikr1M7Lu"}}], "max_purchase": "", "prices": {"comparison_price": "73,08 kr/kg", "price": {"amount": "1900", "currency_code": "SEK", "data": {"components": []}}, "old_price": {"amount": "3900", "currency_code": "SEK", "data": {"components": []}}}, "size": "260g", "status": "1", "stock": 0, "vat_rate": "se_intermediate", "volume": {"length": "5.50000", "width": "5.50000", "height": "20.00000", "unit": "cm"}, "weight": {"weight": "262.00000", "unit": "g"}, "product_category": null, "suppliers": [], "seasonal_themes": []}], "published": "0", "status": "0", "sticky": "0", "tags": []}, {"id": "318411", "label": "Eko Fusilli \u00c4rter & Quinoa", "self": "https://api.matsmart.se/api/v1.0/product-displays/318411", "brand": "1561", "brand_name": "GoGreen", "categories": ["14921"], "created": "1572524320", "exclude_from_list": false, "product_info": "Ekologiska och naturligt glutenfria ancient grains i form av gr\u00f6na \u00e4rter, bovete &amp; quinoa.", "market": "SE", "products": [{"id": "70266", "label": "Fusilli \u00c4rter Quinoa Eko", "self": "https://api.matsmart.se/api/v1.0/products/70266", "best_before": "1617228000", "product_contents": [{"id": "311336", "self": "https://cdn2.matsmart.se/sites/se/files/product_contents/go_green_fusilli_innehall.jpg", "filemime": "image/jpeg", "filesize": "484250", "width": "800", "height": "800", "styles": ""}], "sku": "MS109230", "gtin": "7310130006890", "images": [{"id": "311331", "self": "https://cdn1.matsmart.se/sites/se/files/products/go_green_fusilli.jpg", "filemime": "image/jpeg", "filesize": "560613", "width": "800", "height": "800", "styles": {"product_full": "https://cdn1.matsmart.se/sites/se/files/styles/product_full/public/products/go_green_fusilli.jpg?itok=g6m3nc5Z", "product_full_2x": "https://cdn1.matsmart.se/sites/se/files/styles/product_full_2x/public/products/go_green_fusilli.jpg?itok=fXsrXBDM", "product_teaser": "https://cdn1.matsmart.se/sites/se/files/styles/product_teaser/public/products/go_green_fusilli.jpg?itok=3560Wixa", "product_teaser_2x": "https://cdn1.matsmart.se/sites/se/files/styles/product_teaser_2x/public/products/go_green_fusilli.jpg?itok=qs2dzUMv", "product_zoom": "https://cdn1.matsmart.se/sites/se/files/styles/product_zoom/public/products/go_green_fusilli.jpg?itok=xu2KklUL"}}], "max_purchase": "", "prices": {"comparison_price": "92,59 kr/kg", "price": {"amount": "2500", "currency_code": "SEK", "data": {"components": []}}, "old_price": {"amount": "3290", "currency_code": "SEK", "data": {"components": []}}}, "size": "270g", "status": "1", "stock": 0, "vat_rate": "se_intermediate", "volume": {"length": "17.00000", "width": "12.00000", "height": "4.50000", "unit": "cm"}, "weight": {"weight": "294.00000", "unit": "g"}, "product_category": "20441", "suppliers": [], "seasonal_themes": []}], "published": "0", "status": "0", "sticky": "0", "tags": ["679"]}, {"id": "319116", "label": "Quinoa burger mix \u00f8ko 160g", "self": "https://api.matsmart.se/api/v1.0/product-displays/319116", "brand": "1895", "brand_name": "Urtekram", "categories": [], "created": "1571803204", "exclude_from_list": false, "product_info": null, "market": "SE", "products": [{"id": "70501", "label": "Quinoa burger mix \u00f8ko 160g", "self": "https://api.matsmart.se/api/v1.0/products/70501", "best_before": "1579302000", "product_contents": [{"id": "313336", "self": "https://cdn2.matsmart.se/sites/se/files/product_contents/urtekram_quinoa_burger_innehall_1.jpg", "filemime": "image/jpeg", "filesize": "545357", "width": "800", "height": "800", "styles": ""}, {"id": "313341", "self": "https://cdn3.matsmart.se/sites/se/files/product_contents/urtekram_quinoa_burger_innehall_2.jpg", "filemime": "image/jpeg", "filesize": "326998", "width": "800", "height": "800", "styles": ""}], "sku": "MS109277", "gtin": "5701058002453", "images": [{"id": "313326", "self": "https://cdn2.matsmart.se/sites/se/files/products/urtekram_quinoa_burger.jpg", "filemime": "image/jpeg", "filesize": "301599", "width": "800", "height": "800", "styles": {"product_full": "https://cdn2.matsmart.se/sites/se/files/styles/product_full/public/products/urtekram_quinoa_burger.jpg?itok=Y8Q514N_", "product_full_2x": "https://cdn2.matsmart.se/sites/se/files/styles/product_full_2x/public/products/urtekram_quinoa_burger.jpg?itok=4tOjJ-IS", "product_teaser": "https://cdn2.matsmart.se/sites/se/files/styles/product_teaser/public/products/urtekram_quinoa_burger.jpg?itok=MHqc1xlp", "product_teaser_2x": "https://cdn2.matsmart.se/sites/se/files/styles/product_teaser_2x/public/products/urtekram_quinoa_burger.jpg?itok=v8SP9Pzm", "product_zoom": "https://cdn2.matsmart.se/sites/se/files/styles/product_zoom/public/products/urtekram_quinoa_burger.jpg?itok=rOuo3AXC"}}], "max_purchase": "", "prices": {"comparison_price": "75,00 kr/kg", "price": {"amount": "1200", "currency_code": "SEK", "data": {"components": []}}, "old_price": {"amount": "1990", "currency_code": "SEK", "data": {"components": []}}, "price_table": {"amount": "1000", "currency_code": "SEK", "min_qty": "3", "max_qty": "-1", "data": {"components": []}}}, "size": "160g", "status": "1", "stock": 0, "vat_rate": "se_intermediate", "volume": {"length": "18.00000", "width": "9.00000", "height": "3.50000", "unit": "cm"}, "weight": {"weight": "164.00000", "unit": "g"}, "product_category": null, "suppliers": [], "seasonal_themes": []}], "published": "0", "status": "0", "sticky": "0", "tags": ["679"]}, {"id": "321466", "label": "Granola Kanel & Chia", "self": "https://api.matsmart.se/api/v1.0/product-displays/321466", "brand": "534", "brand_name": "Risenta", "categories": ["14951"], "created": "1572951611", "exclude_from_list": false, "product_info": "H\u00e4rlig granola med chiafr\u00f6n och kanel!", "market": "SE", "products": [{"id": "71331", "label": "Granola Kanel &amp; Chia Topping", "self": "https://api.matsmart.se/api/v1.0/products/71331", "best_before": "1580857200", "product_contents": [{"id": "321551", "self": "https://cdn2.matsmart.se/sites/se/files/product_contents/musli_1_0.jpg", "filemime": "image/jpeg", "filesize": "342865", "width": "800", "height": "800", "styles": ""}], "sku": "MS109431", "gtin": "7312631311213", "images": [{"id": "321546", "self": "https://cdn2.matsmart.se/sites/se/files/products/musli_1_0.jpg", "filemime": "image/jpeg", "filesize": "273076", "width": "800", "height": "800", "styles": {"product_full": "https://cdn2.matsmart.se/sites/se/files/styles/product_full/public/products/musli_1_0.jpg?itok=9GbuX8AK", "product_full_2x": "https://cdn2.matsmart.se/sites/se/files/styles/product_full_2x/public/products/musli_1_0.jpg?itok=edfw5jjP", "product_teaser": "https://cdn2.matsmart.se/sites/se/files/styles/product_teaser/public/products/musli_1_0.jpg?itok=khSAy0jV", "product_teaser_2x": "https://cdn2.matsmart.se/sites/se/files/styles/product_teaser_2x/public/products/musli_1_0.jpg?itok=Az5HOAju", "product_zoom": "https://cdn2.matsmart.se/sites/se/files/styles/product_zoom/public/products/musli_1_0.jpg?itok=eRvy2AuE"}}], "max_purchase": "", "prices": {"comparison_price": "29,00 kr/kg", "price": {"amount": "2900", "currency_code": "SEK", "data": {"components": []}}, "old_price": {"amount": "9900", "currency_code": "SEK", "data": {"components": []}}}, "size": "1kg", "status": "1", "stock": 0, "vat_rate": "se_intermediate", "volume": {"length": "28.00000", "width": "16.00000", "height": "8.00000", "unit": "cm"}, "weight": {"weight": "1040.00000", "unit": "g"}, "product_category": "20716", "suppliers": [], "seasonal_themes": []}], "published": "0", "status": "0", "sticky": "0", "tags": ["21691", "18556"]}, {"id": "333681", "label": "Eko Quinoaflingor", "self": "https://api.matsmart.se/api/v1.0/product-displays/333681", "brand": "9186", "brand_name": "Biofood", "categories": ["14961"], "created": "1580218641", "exclude_from_list": false, "product_info": "Ekologiska quinoaflingor som passar perfekt i gr\u00f6t, m\u00fcsli eller bakning.", "market": "SE", "products": [{"id": "75586", "label": "Quinoaflingor EKO Biofood 500g", "self": "https://api.matsmart.se/api/v1.0/products/75586", "best_before": "1585864800", "product_contents": [{"id": "338876", "self": "https://cdn3.matsmart.se/sites/se/files/product_contents/biofood_quinoaflingor_innehall_1.jpg", "filemime": "image/jpeg", "filesize": "557074", "width": "800", "height": "800", "styles": ""}, {"id": "338881", "self": "https://cdn4.matsmart.se/sites/se/files/product_contents/biofood_quinoaflingor_innehall_2.jpg", "filemime": "image/jpeg", "filesize": "208564", "width": "800", "height": "800", "styles": ""}], "sku": "MS110236", "gtin": "7330137017712", "images": [{"id": "338871", "self": "https://cdn2.matsmart.se/sites/se/files/products/biofood_quinoaflingor_0.jpg", "filemime": "image/jpeg", "filesize": "270784", "width": "800", "height": "800", "styles": {"product_full": "https://cdn2.matsmart.se/sites/se/files/styles/product_full/public/products/biofood_quinoaflingor_0.jpg?itok=2tkqJrmv", "product_full_2x": "https://cdn2.matsmart.se/sites/se/files/styles/product_full_2x/public/products/biofood_quinoaflingor_0.jpg?itok=S5SjTgah", "product_teaser": "https://cdn2.matsmart.se/sites/se/files/styles/product_teaser/public/products/biofood_quinoaflingor_0.jpg?itok=Nq34Vbui", "product_teaser_2x": "https://cdn2.matsmart.se/sites/se/files/styles/product_teaser_2x/public/products/biofood_quinoaflingor_0.jpg?itok=1DGHa1b8", "product_zoom": "https://cdn2.matsmart.se/sites/se/files/styles/product_zoom/public/products/biofood_quinoaflingor_0.jpg?itok=P1kJU0GE"}}], "max_purchase": "", "prices": {"comparison_price": "78,00 kr/kg", "price": {"amount": "3900", "currency_code": "SEK", "data": {"components": []}}, "old_price": {"amount": "7900", "currency_code": "SEK", "data": {"components": []}}}, "size": "500g", "status": "1", "stock": 0, "vat_rate": "se_intermediate", "volume": {"length": "21.00000", "width": "11.00000", "height": "5.00000", "unit": "cm"}, "weight": {"weight": "506.00000", "unit": "g"}, "product_category": "20726", "suppliers": [], "seasonal_themes": []}], "published": "0", "status": "0", "sticky": "0", "tags": ["679", "18556"]}, {"id": "334211", "label": "Quinoa & Kalepuffar", "self": "https://api.matsmart.se/api/v1.0/product-displays/334211", "brand": "12926", "brand_name": "Eat Real", "categories": ["15006"], "created": "1580396334", "exclude_from_list": false, "product_info": "Quinoa &amp; Kalepuffar med smak av jalapeno och cheddar.\u00a0", "market": "SE", "products": [{"id": "75766", "label": "Eat Quinoa &amp; Kale Puffar GF Vegan 113g", "self": "https://api.matsmart.se/api/v1.0/products/75766", "best_before": "1581202800", "product_contents": [{"id": "339871", "self": "https://cdn4.matsmart.se/sites/se/files/product_contents/eat_real_chips_1_0.jpg", "filemime": "image/jpeg", "filesize": "697737", "width": "1200", "height": "1200", "styles": ""}, {"id": "339876", "self": "https://cdn3.matsmart.se/sites/se/files/product_contents/eat_real_chips_2_0.jpg", "filemime": "image/jpeg", "filesize": "465870", "width": "800", "height": "800", "styles": ""}], "sku": "MS110271", "gtin": "5026489489872", "images": [{"id": "339866", "self": "https://cdn4.matsmart.se/sites/se/files/products/eat_real_chips_1_0.jpg", "filemime": "image/jpeg", "filesize": "321696", "width": "800", "height": "800", "styles": {"product_full": "https://cdn4.matsmart.se/sites/se/files/styles/product_full/public/products/eat_real_chips_1_0.jpg?itok=6f8TX02f", "product_full_2x": "https://cdn4.matsmart.se/sites/se/files/styles/product_full_2x/public/products/eat_real_chips_1_0.jpg?itok=k5tYY4mZ", "product_teaser": "https://cdn4.matsmart.se/sites/se/files/styles/product_teaser/public/products/eat_real_chips_1_0.jpg?itok=GlaiLPqv", "product_teaser_2x": "https://cdn4.matsmart.se/sites/se/files/styles/product_teaser_2x/public/products/eat_real_chips_1_0.jpg?itok=ftWECNV0", "product_zoom": "https://cdn4.matsmart.se/sites/se/files/styles/product_zoom/public/products/eat_real_chips_1_0.jpg?itok=DkOHvf8i"}}], "max_purchase": "", "prices": {"comparison_price": "88,50 kr/kg", "price": {"amount": "1000", "currency_code": "SEK", "data": {"components": []}}, "old_price": {"amount": "2890", "currency_code": "SEK", "data": {"components": []}}}, "size": "113g", "status": "1", "stock": 0, "vat_rate": "se_intermediate", "volume": {"length": "28.00000", "width": "19.00000", "height": "6.00000", "unit": "cm"}, "weight": {"weight": "126.00000", "unit": "g"}, "product_category": "21011", "suppliers": [], "seasonal_themes": []}], "published": "0", "status": "0", "sticky": "0", "tags": []}, {"id": "334226", "label": "Quinoachips Tomat & Vitl\u00f6k", "self": "https://api.matsmart.se/api/v1.0/product-displays/334226", "brand": "12926", "brand_name": "Eat Real", "categories": ["15006"], "created": "1580375191", "exclude_from_list": false, "product_info": "Quinoachips med smak av tomat och vitl\u00f6k.", "market": "SE", "products": [{"id": "75771", "label": "Eat Quinoa snacks tomat vitl\u00f6k GF vegan 80g", "self": "https://api.matsmart.se/api/v1.0/products/75771", "best_before": "1581202800", "product_contents": [{"id": "339661", "self": "https://cdn1.matsmart.se/sites/se/files/product_contents/eat_real_chips_1.jpg", "filemime": "image/jpeg", "filesize": "470290", "width": "800", "height": "800", "styles": ""}, {"id": "339666", "self": "https://cdn2.matsmart.se/sites/se/files/product_contents/eat_real_chips_2.jpg", "filemime": "image/jpeg", "filesize": "407073", "width": "800", "height": "800", "styles": ""}], "sku": "MS110272", "gtin": "5026489487076", "images": [{"id": "339656", "self": "https://cdn1.matsmart.se/sites/se/files/products/eat_real_chips_1.jpg", "filemime": "image/jpeg", "filesize": "345693", "width": "800", "height": "800", "styles": {"product_full": "https://cdn1.matsmart.se/sites/se/files/styles/product_full/public/products/eat_real_chips_1.jpg?itok=Nzk1tfgh", "product_full_2x": "https://cdn1.matsmart.se/sites/se/files/styles/product_full_2x/public/products/eat_real_chips_1.jpg?itok=JzP8QrTf", "product_teaser": "https://cdn1.matsmart.se/sites/se/files/styles/product_teaser/public/products/eat_real_chips_1.jpg?itok=RspUYabY", "product_teaser_2x": "https://cdn1.matsmart.se/sites/se/files/styles/product_teaser_2x/public/products/eat_real_chips_1.jpg?itok=AVmmGO94", "product_zoom": "https://cdn1.matsmart.se/sites/se/files/styles/product_zoom/public/products/eat_real_chips_1.jpg?itok=TsfV-ksC"}}], "max_purchase": "", "prices": {"price": {"amount": "1500", "currency_code": "SEK", "data": {"components": []}}, "old_price": {"amount": "2590", "currency_code": "SEK", "data": {"components": []}}}, "size": "80g", "status": "1", "stock": 0, "vat_rate": "se_intermediate", "volume": {"length": "29.00000", "width": "19.00000", "height": "6.00000", "unit": "cm"}, "weight": {"weight": "101.00000", "unit": "g"}, "product_category": "21011", "suppliers": [], "seasonal_themes": []}], "published": "0", "status": "0", "sticky": "0", "tags": []}, {"id": "334546", "label": "Eko Boveteflingor", "self": "https://api.matsmart.se/api/v1.0/product-displays/334546", "brand": "9186", "brand_name": "Biofood", "categories": ["14961"], "created": "1580137935", "exclude_from_list": false, "product_info": "Ekologiska boveteflingor som kommer fr\u00e5n bovete, en \u00f6rt som \u00e4r rik p\u00e5 protein och fibrer. Bovete \u00e4r l\u00e4ttsm\u00e4lt och skonsamt f\u00f6r magen. Perfekt till bland annat gr\u00f6t eller som ingrediens i m\u00fcsli!", "market": "SE", "products": [{"id": "75881", "label": "Boveteflingor Biofood 500g EKO", "self": "https://api.matsmart.se/api/v1.0/products/75881", "best_before": "1585864800", "product_contents": [{"id": "338616", "self": "https://cdn1.matsmart.se/sites/se/files/product_contents/bovete_1_1.jpg", "filemime": "image/jpeg", "filesize": "281309", "width": "800", "height": "800", "styles": ""}, {"id": "338631", "self": "https://cdn4.matsmart.se/sites/se/files/product_contents/bovete_eu_1_0.jpg", "filemime": "image/jpeg", "filesize": "231339", "width": "800", "height": "800", "styles": ""}], "sku": "MS110293", "gtin": "7330137014650", "images": [{"id": "338611", "self": "https://cdn1.matsmart.se/sites/se/files/products/bovete_1_1.jpg", "filemime": "image/jpeg", "filesize": "211683", "width": "800", "height": "800", "styles": {"product_full": "https://cdn1.matsmart.se/sites/se/files/styles/product_full/public/products/bovete_1_1.jpg?itok=i612-zRa", "product_full_2x": "https://cdn1.matsmart.se/sites/se/files/styles/product_full_2x/public/products/bovete_1_1.jpg?itok=EH3CMk-A", "product_teaser": "https://cdn1.matsmart.se/sites/se/files/styles/product_teaser/public/products/bovete_1_1.jpg?itok=18-9s3_t", "product_teaser_2x": "https://cdn1.matsmart.se/sites/se/files/styles/product_teaser_2x/public/products/bovete_1_1.jpg?itok=pOnxMTQq", "product_zoom": "https://cdn1.matsmart.se/sites/se/files/styles/product_zoom/public/products/bovete_1_1.jpg?itok=UMmavS--"}}], "max_purchase": "", "prices": {"comparison_price": "58,00 kr/kg", "price": {"amount": "2900", "currency_code": "SEK", "data": {"components": []}}, "old_price": {"amount": "4900", "currency_code": "SEK", "data": {"components": []}}}, "size": "500g", "status": "1", "stock": 0, "vat_rate": "se_intermediate", "volume": {"length": "22.00000", "width": "11.00000", "height": "5.00000", "unit": "cm"}, "weight": {"weight": "506.00000", "unit": "g"}, "product_category": "20726", "suppliers": [], "seasonal_themes": []}], "published": "0", "status": "0", "sticky": "0", "tags": ["679", "18556"]}, {"id": "336036", "label": "Fruktbitar Chia, Mango & Passion", "self": "https://api.matsmart.se/api/v1.0/product-displays/336036", "brand": "11546", "brand_name": "Exotic Snacks", "categories": ["14956"], "created": "1583746468", "exclude_from_list": false, "product_info": "Fruktbitar med chia, mango och passion.", "market": "SE", "products": [{"id": "76391", "label": "BARA Fruktibitar Chia, Mango, Passion 45gr", "self": "https://api.matsmart.se/api/v1.0/products/76391", "best_before": "1595973600", "product_contents": [{"id": "339336", "self": "https://cdn1.matsmart.se/sites/se/files/product_contents/bara_for_gott_1.jpg", "filemime": "image/jpeg", "filesize": "456713", "width": "800", "height": "800", "styles": ""}, {"id": "339341", "self": "https://cdn2.matsmart.se/sites/se/files/product_contents/bara_for_gott_2.jpg", "filemime": "image/jpeg", "filesize": "547248", "width": "800", "height": "800", "styles": ""}], "sku": "MS110391", "gtin": "7391814005705", "images": [{"id": "339331", "self": "https://cdn2.matsmart.se/sites/se/files/products/bara_gott_1.jpg", "filemime": "image/jpeg", "filesize": "401988", "width": "800", "height": "800", "styles": {"product_full": "https://cdn2.matsmart.se/sites/se/files/styles/product_full/public/products/bara_gott_1.jpg?itok=qVATPNn4", "product_full_2x": "https://cdn2.matsmart.se/sites/se/files/styles/product_full_2x/public/products/bara_gott_1.jpg?itok=DIJ3eAEi", "product_teaser": "https://cdn2.matsmart.se/sites/se/files/styles/product_teaser/public/products/bara_gott_1.jpg?itok=kYY8nozI", "product_teaser_2x": "https://cdn2.matsmart.se/sites/se/files/styles/product_teaser_2x/public/products/bara_gott_1.jpg?itok=aVxgLQCt", "product_zoom": "https://cdn2.matsmart.se/sites/se/files/styles/product_zoom/public/products/bara_gott_1.jpg?itok=28PKXMai"}}], "max_purchase": "", "prices": {"comparison_price": "266,67 kr/kg", "price": {"amount": "1200", "currency_code": "SEK", "data": {"components": []}}, "old_price": {"amount": "1595", "currency_code": "SEK", "data": {"components": []}}, "price_table": {"amount": "966", "currency_code": "SEK", "min_qty": "3", "max_qty": "-1", "data": {"components": []}}}, "size": "45g", "status": "1", "stock": 0, "vat_rate": "se_intermediate", "volume": {"length": "12.00000", "width": "11.00000", "height": "1.50000", "unit": "cm"}, "weight": {"weight": "49.00000", "unit": "g"}, "product_category": "20531", "suppliers": [], "seasonal_themes": []}], "published": "0", "status": "0", "sticky": "1", "tags": ["22396", "214"]}, {"id": "336436", "label": "Honung Bovete", "self": "https://api.matsmart.se/api/v1.0/product-displays/336436", "brand": "6847", "brand_name": "Lindhagens", "categories": ["14961"], "created": "1581079182", "exclude_from_list": true, "product_info": "Smakrik honung som kommer fr\u00e5n boveteblommornas nektar. M\u00f6rkt f\u00e4rg, stark smak och rik p\u00e5 antioxidanter.", "market": "SE", "products": [{"id": "76531", "label": "Lin Bovetehonung 250g", "self": "https://api.matsmart.se/api/v1.0/products/76531", "best_before": "1582758000", "product_contents": [{"id": "341711", "self": "https://cdn4.matsmart.se/sites/se/files/product_contents/lindhagens_bovete_honung_innehall.jpg", "filemime": "image/jpeg", "filesize": "412740", "width": "800", "height": "800", "styles": ""}], "sku": "MS110417", "gtin": "7315310092526", "images": [{"id": "341706", "self": "https://cdn4.matsmart.se/sites/se/files/products/lindhagens_bovete_honung.jpg", "filemime": "image/jpeg", "filesize": "387568", "width": "800", "height": "800", "styles": {"product_full": "https://cdn4.matsmart.se/sites/se/files/styles/product_full/public/products/lindhagens_bovete_honung.jpg?itok=-aM_oHfc", "product_full_2x": "https://cdn4.matsmart.se/sites/se/files/styles/product_full_2x/public/products/lindhagens_bovete_honung.jpg?itok=PPAg7tRQ", "product_teaser": "https://cdn4.matsmart.se/sites/se/files/styles/product_teaser/public/products/lindhagens_bovete_honung.jpg?itok=SIgWzd6B", "product_teaser_2x": "https://cdn4.matsmart.se/sites/se/files/styles/product_teaser_2x/public/products/lindhagens_bovete_honung.jpg?itok=BVNUTVmB", "product_zoom": "https://cdn4.matsmart.se/sites/se/files/styles/product_zoom/public/products/lindhagens_bovete_honung.jpg?itok=2F0yWDbv"}}], "max_purchase": "", "prices": {"comparison_price": "60,00 kr/kg", "price": {"amount": "1500", "currency_code": "SEK", "data": {"components": []}}, "old_price": {"amount": "3490", "currency_code": "SEK", "data": {"components": []}}}, "size": "250g", "status": "1", "stock": 0, "vat_rate": "se_intermediate", "volume": {"length": "8.00000", "width": "8.00000", "height": "11.50000", "unit": "cm"}, "weight": {"weight": "399.00000", "unit": "g"}, "product_category": "20841", "suppliers": [], "seasonal_themes": []}], "published": "0", "status": "0", "sticky": "0", "tags": []}, {"id": "337906", "label": "Mini Ciappa Vitl\u00f6k & Chili", "self": "https://api.matsmart.se/api/v1.0/product-displays/337906", "brand": "22236", "brand_name": "Paolos", "categories": ["14976"], "created": "1584103815", "exclude_from_list": false, "product_info": "Tunna italienska kex med smak av vitl\u00f6k och chili. Varsamt rostade med olivolja. Njut av Mini Ciappa som de \u00e4r eller servera med topping. I Italien \u00e4ter man ofta den h\u00e4r sortens kex tillsammans med tapenade, charkuterier eller ost.", "market": "SE", "products": [{"id": "77041", "label": "PAO Mini Chiapa Vitl\u00f6k &amp; chili 120g", "self": "https://api.matsmart.se/api/v1.0/products/77041", "best_before": "1590876000", "product_contents": [{"id": "349976", "self": "https://cdn1.matsmart.se/sites/se/files/product_contents/kex_1_1.jpg", "filemime": "image/jpeg", "filesize": "522644", "width": "800", "height": "800", "styles": ""}], "sku": "MS110513", "gtin": "7350060702356", "images": [{"id": "349971", "self": "https://cdn1.matsmart.se/sites/se/files/products/kex_1_1.jpg", "filemime": "image/jpeg", "filesize": "425521", "width": "800", "height": "800", "styles": {"product_full": "https://cdn1.matsmart.se/sites/se/files/styles/product_full/public/products/kex_1_1.jpg?itok=u4ngEeV_", "product_full_2x": "https://cdn1.matsmart.se/sites/se/files/styles/product_full_2x/public/products/kex_1_1.jpg?itok=fM_AV6jl", "product_teaser": "https://cdn1.matsmart.se/sites/se/files/styles/product_teaser/public/products/kex_1_1.jpg?itok=ckiaGoii", "product_teaser_2x": "https://cdn1.matsmart.se/sites/se/files/styles/product_teaser_2x/public/products/kex_1_1.jpg?itok=ntX5AXu-", "product_zoom": "https://cdn1.matsmart.se/sites/se/files/styles/product_zoom/public/products/kex_1_1.jpg?itok=mi-2kJHN"}}], "max_purchase": "", "prices": {"comparison_price": "158,33 kr/kg", "price": {"amount": "1900", "currency_code": "SEK", "data": {"components": []}}, "old_price": {"amount": "2350", "currency_code": "SEK", "data": {"components": []}}, "price_table": {"amount": "1750", "currency_code": "SEK", "min_qty": "2", "max_qty": "-1", "data": {"components": []}}}, "size": "120g", "status": "1", "stock": 1, "vat_rate": "se_intermediate", "volume": {"length": "21.00000", "width": "8.00000", "height": "12.00000", "unit": "cm"}, "weight": {"weight": "132.00000", "unit": "g"}, "product_category": "20766", "suppliers": [], "seasonal_themes": []}], "published": "0", "status": "0", "sticky": "0", "tags": []}, {"id": "349516", "label": "Org Quinoa Puffs murot 300g", "self": "https://api.matsmart.se/api/v1.0/product-displays/349516", "brand": "12356", "brand_name": "Orgran", "categories": [], "created": "1583380804", "exclude_from_list": false, "product_info": null, "market": "SE", "products": [{"id": "80971", "label": "Org Quinoa Puffs murot 300g", "self": "https://api.matsmart.se/api/v1.0/products/80971", "best_before": "1597183200", "product_contents": [{"id": "350436", "self": "https://cdn3.matsmart.se/sites/se/files/product_contents/puffs_1.jpg", "filemime": "image/jpeg", "filesize": "300313", "width": "800", "height": "800", "styles": ""}, {"id": "350441", "self": "https://cdn3.matsmart.se/sites/se/files/product_contents/puffs_2.jpg", "filemime": "image/jpeg", "filesize": "241431", "width": "800", "height": "800", "styles": ""}], "sku": "MS111283", "gtin": "0720516022760", "images": [{"id": "350431", "self": "https://cdn3.matsmart.se/sites/se/files/products/puffs_1.jpg", "filemime": "image/jpeg", "filesize": "340113", "width": "800", "height": "800", "styles": {"product_full": "https://cdn3.matsmart.se/sites/se/files/styles/product_full/public/products/puffs_1.jpg?itok=j6JRYTpF", "product_full_2x": "https://cdn3.matsmart.se/sites/se/files/styles/product_full_2x/public/products/puffs_1.jpg?itok=Ma2v48op", "product_teaser": "https://cdn3.matsmart.se/sites/se/files/styles/product_teaser/public/products/puffs_1.jpg?itok=bT5kQdpq", "product_teaser_2x": "https://cdn3.matsmart.se/sites/se/files/styles/product_teaser_2x/public/products/puffs_1.jpg?itok=OqnjqGGt", "product_zoom": "https://cdn3.matsmart.se/sites/se/files/styles/product_zoom/public/products/puffs_1.jpg?itok=h1oGtlQq"}}], "max_purchase": "", "prices": {"price": {"amount": "0", "currency_code": "SEK", "data": {"components": []}}}, "size": "300g", "status": "1", "stock": 1, "vat_rate": "se_intermediate", "volume": {"length": "26.00000", "width": "19.00000", "height": "6.00000", "unit": "cm"}, "weight": {"weight": "386.00000", "unit": "g"}, "product_category": "20711", "suppliers": [], "seasonal_themes": []}], "published": "0", "status": "0", "sticky": "0", "tags": ["9398"]}, {"id": "349636", "label": "Frukostflingor R\u00f6da Linser, Chiafr\u00f6n & Kanel", "self": "https://api.matsmart.se/api/v1.0/product-displays/349636", "brand": "6683", "brand_name": "Paul\u00fans", "categories": ["14951"], "created": "1586420405", "exclude_from_list": false, "product_info": "Frukostflingor med r\u00f6da linser, chiafr\u00f6n och kanel.", "market": "SE", "products": [{"id": "81011", "label": "Pau Chiansiemen Linssihiutaleet chiansiemen kaneli 320g", "self": "https://api.matsmart.se/api/v1.0/products/81011", "best_before": "1592344800", "product_contents": [{"id": "350571", "self": "https://cdn1.matsmart.se/sites/se/files/product_contents/flingor_1.jpg", "filemime": "image/jpeg", "filesize": "256242", "width": "800", "height": "800", "styles": ""}], "sku": "MS111291", "gtin": "6417801840843", "images": [{"id": "350566", "self": "https://cdn1.matsmart.se/sites/se/files/products/flingor_1.jpg", "filemime": "image/jpeg", "filesize": "229644", "width": "800", "height": "800", "styles": {"product_full": "https://cdn1.matsmart.se/sites/se/files/styles/product_full/public/products/flingor_1.jpg?itok=3GVC22yl", "product_full_2x": "https://cdn1.matsmart.se/sites/se/files/styles/product_full_2x/public/products/flingor_1.jpg?itok=cEZN1LhV", "product_teaser": "https://cdn1.matsmart.se/sites/se/files/styles/product_teaser/public/products/flingor_1.jpg?itok=V14qp6MR", "product_teaser_2x": "https://cdn1.matsmart.se/sites/se/files/styles/product_teaser_2x/public/products/flingor_1.jpg?itok=R3rMdx3I", "product_zoom": "https://cdn1.matsmart.se/sites/se/files/styles/product_zoom/public/products/flingor_1.jpg?itok=EailXmln"}}], "max_purchase": "", "prices": {"comparison_price": "78,13 kr/kg", "price": {"amount": "2500", "currency_code": "SEK", "data": {"components": []}}, "old_price": {"amount": "4350", "currency_code": "SEK", "data": {"components": []}}}, "size": "320g", "status": "1", "stock": 101, "vat_rate": "se_intermediate", "volume": {"length": "24.00000", "width": "20.00000", "height": "5.00000", "unit": "cm"}, "weight": {"weight": "388.00000", "unit": "g"}, "product_category": "20711", "suppliers": [], "seasonal_themes": []}], "published": "1586420405", "status": "1", "sticky": "0", "tags": ["557"]}, {"id": "351616", "label": "Blandade B\u00f6nor & Matvete", "self": "https://api.matsmart.se/api/v1.0/product-displays/351616", "brand": "639", "brand_name": "Zeta", "categories": ["14926"], "created": "1584541769", "exclude_from_list": false, "product_info": "Inneh\u00e5ller en blandning av cannellinib\u00f6nor, kik\u00e4rter, kidneyb\u00f6nor och matvete av durum. Avrunnen vikt 250g.", "market": "SE", "products": [{"id": "81671", "label": "Blandade b\u00f6nor med matvete 410g", "self": "https://api.matsmart.se/api/v1.0/products/81671", "best_before": "1630360800", "product_contents": [{"id": "351421", "self": "https://cdn1.matsmart.se/sites/se/files/product_contents/zeta_blandade_bonor_matvete_innehall.jpg", "filemime": "image/jpeg", "filesize": "302470", "width": "800", "height": "800", "styles": ""}], "sku": "MS111423", "gtin": "7350002402771", "images": [{"id": "351416", "self": "https://cdn4.matsmart.se/sites/se/files/products/zeta_blandade_bonor_matvete.jpg", "filemime": "image/jpeg", "filesize": "427010", "width": "800", "height": "800", "styles": {"product_full": "https://cdn4.matsmart.se/sites/se/files/styles/product_full/public/products/zeta_blandade_bonor_matvete.jpg?itok=Tl_mchzB", "product_full_2x": "https://cdn4.matsmart.se/sites/se/files/styles/product_full_2x/public/products/zeta_blandade_bonor_matvete.jpg?itok=PH6Lf3kx", "product_teaser": "https://cdn4.matsmart.se/sites/se/files/styles/product_teaser/public/products/zeta_blandade_bonor_matvete.jpg?itok=r6iQPEse", "product_teaser_2x": "https://cdn4.matsmart.se/sites/se/files/styles/product_teaser_2x/public/products/zeta_blandade_bonor_matvete.jpg?itok=1n5_3Au9", "product_zoom": "https://cdn4.matsmart.se/sites/se/files/styles/product_zoom/public/products/zeta_blandade_bonor_matvete.jpg?itok=WzwLsqRP"}}], "max_purchase": "", "prices": {"comparison_price": "24,39 kr/kg", "price": {"amount": "1000", "currency_code": "SEK", "data": {"components": []}}, "old_price": {"amount": "1290", "currency_code": "SEK", "data": {"components": []}}, "price_table": {"amount": "833", "currency_code": "SEK", "min_qty": "3", "max_qty": "-1", "data": {"components": []}}}, "size": "410g", "status": "1", "stock": 0, "vat_rate": "se_intermediate", "volume": {"length": "11.00000", "width": "7.60000", "height": "7.60000", "unit": "cm"}, "weight": {"weight": "490.00000", "unit": "g"}, "product_category": "20496", "suppliers": [], "seasonal_themes": []}], "published": "0", "status": "0", "sticky": "0", "tags": ["22331"]}, {"id": "353836", "label": "Chiagr\u00f6t Hallon", "self": "https://api.matsmart.se/api/v1.0/product-displays/353836", "brand": "979", "brand_name": "WeightWatchers", "categories": ["14951"], "created": "1584440138", "exclude_from_list": true, "product_info": "Vi har blandat chia och smaken av f\u00e4rska hallon i denna gr\u00f6t. Den v\u00e4cker dina sinnen och ger dig en bra start p\u00e5 dagen. Enkelt \u00e4r det ocks\u00e5. Du blandar gr\u00f6ten med kokande vatten och l\u00e5ter den dra i 3 minuter, sen vips \u00e4r den klar f\u00f6r att \u00e4tas.", "market": "SE", "products": [{"id": "82411", "label": "WW 5-pack Raspberry and Chia Porridge", "self": "https://api.matsmart.se/api/v1.0/products/82411", "best_before": "1596060000", "product_contents": [{"id": "350856", "self": "https://cdn1.matsmart.se/sites/se/files/product_contents/weightwatchers_chia_raspberry_porridge_innehall_0.jpg", "filemime": "image/jpeg", "filesize": "493408", "width": "800", "height": "800", "styles": ""}], "sku": "MS111571", "gtin": "5051882199646", "images": [{"id": "350851", "self": "https://cdn4.matsmart.se/sites/se/files/products/weightwatchers_chia_raspberry_porridge.jpg", "filemime": "image/jpeg", "filesize": "328244", "width": "800", "height": "800", "styles": {"product_full": "https://cdn4.matsmart.se/sites/se/files/styles/product_full/public/products/weightwatchers_chia_raspberry_porridge.jpg?itok=LL6XA9m6", "product_full_2x": "https://cdn4.matsmart.se/sites/se/files/styles/product_full_2x/public/products/weightwatchers_chia_raspberry_porridge.jpg?itok=x_2AlZXH", "product_teaser": "https://cdn4.matsmart.se/sites/se/files/styles/product_teaser/public/products/weightwatchers_chia_raspberry_porridge.jpg?itok=TSGKp_QP", "product_teaser_2x": "https://cdn4.matsmart.se/sites/se/files/styles/product_teaser_2x/public/products/weightwatchers_chia_raspberry_porridge.jpg?itok=D-BXxweR", "product_zoom": "https://cdn4.matsmart.se/sites/se/files/styles/product_zoom/public/products/weightwatchers_chia_raspberry_porridge.jpg?itok=tiVcjlA-"}}], "max_purchase": "", "prices": {"comparison_price": "111,11 kr/kg", "price": {"amount": "2500", "currency_code": "SEK", "data": {"components": []}}, "old_price": {"amount": "2900", "currency_code": "SEK", "data": {"components": []}}, "price_table": {"amount": "2250", "currency_code": "SEK", "min_qty": "2", "max_qty": "-1", "data": {"components": []}}}, "size": "5 x 45g", "status": "1", "stock": 0, "vat_rate": "se_intermediate", "volume": {"length": "17.00000", "width": "11.50000", "height": "7.00000", "unit": "cm"}, "weight": {"weight": "265.00000", "unit": "g"}, "product_category": "20746", "suppliers": [], "seasonal_themes": []}], "published": "0", "status": "0", "sticky": "0", "tags": []}, {"id": "355321", "label": "Chiafr\u00f6kn\u00e4cke Kn\u00e4ckebageriet", "self": "https://api.matsmart.se/api/v1.0/product-displays/355321", "brand": "730", "brand_name": "Semper", "categories": ["14971"], "created": "1585134005", "exclude_from_list": true, "product_info": "Krispigt chiafr\u00f6nkn\u00e4ckbr\u00f6d som \u00e4r veganskt. Gluten- &amp; laktosfritt.", "market": "SE", "products": [{"id": "82906", "label": "Chiafr\u00f6kn\u00e4cke Kn\u00e4ckebageriet", "self": "https://api.matsmart.se/api/v1.0/products/82906", "best_before": "1592085600", "product_contents": [{"id": "354941", "self": "https://cdn1.matsmart.se/sites/se/files/product_contents/semper_chiafroknacke_innehall.jpg", "filemime": "image/jpeg", "filesize": "339584", "width": "800", "height": "800", "styles": ""}], "sku": "MS111670", "gtin": "7310100559210", "images": [{"id": "354936", "self": "https://cdn4.matsmart.se/sites/se/files/products/semper_chiafroknacke.jpg", "filemime": "image/jpeg", "filesize": "683541", "width": "800", "height": "800", "styles": {"product_full": "https://cdn4.matsmart.se/sites/se/files/styles/product_full/public/products/semper_chiafroknacke.jpg?itok=dVpJ3L60", "product_full_2x": "https://cdn4.matsmart.se/sites/se/files/styles/product_full_2x/public/products/semper_chiafroknacke.jpg?itok=4Mzsamjz", "product_teaser": "https://cdn4.matsmart.se/sites/se/files/styles/product_teaser/public/products/semper_chiafroknacke.jpg?itok=bbNbTCu7", "product_teaser_2x": "https://cdn4.matsmart.se/sites/se/files/styles/product_teaser_2x/public/products/semper_chiafroknacke.jpg?itok=LbeGeOTP", "product_zoom": "https://cdn4.matsmart.se/sites/se/files/styles/product_zoom/public/products/semper_chiafroknacke.jpg?itok=n1zPE4Nr"}}], "max_purchase": "", "prices": {"comparison_price": "75,00 kr/kg", "price": {"amount": "1500", "currency_code": "SEK", "data": {"components": []}}, "old_price": {"amount": "2795", "currency_code": "SEK", "data": {"components": []}}}, "size": "200g", "status": "1", "stock": -1, "vat_rate": "se_intermediate", "volume": {"length": "13.00000", "width": "13.00000", "height": "6.50000", "unit": "cm"}, "weight": {"weight": "229.00000", "unit": "g"}, "product_category": "20751", "suppliers": [], "seasonal_themes": []}], "published": "0", "status": "0", "sticky": "0", "tags": ["9398", "214", "557", "18556"]}, {"id": "355771", "label": "Chiafr\u00f6n", "self": "https://api.matsmart.se/api/v1.0/product-displays/355771", "brand": "978", "brand_name": "Kung Markatta", "categories": ["14956"], "created": "1585306820", "exclude_from_list": false, "product_info": "Chiafr\u00f6n har av de gamla Aztekerna anv\u00e4nts sedan urminnes tider f\u00f6r sina positiva egenskaper. Fr\u00f6et \u00e4r t. ex. en k\u00e4lla till b\u00e5de omega-3 och protein. Anv\u00e4nd Kung Markattas Chiafr\u00f6n i br\u00f6dbaket, i m\u00fcslin, i smoothien eller g\u00f6r en gr\u00f6t av dem.", "market": "SE", "products": [{"id": "83056", "label": "KUN KM Chiaseeds Org 275g", "self": "https://api.matsmart.se/api/v1.0/products/83056", "best_before": "1623967200", "product_contents": [{"id": "355581", "self": "https://cdn3.matsmart.se/sites/se/files/product_contents/kung_markatta_chiafron_ingerdiens.jpg", "filemime": "image/jpeg", "filesize": "504246", "width": "800", "height": "800", "styles": ""}, {"id": "355586", "self": "https://cdn1.matsmart.se/sites/se/files/product_contents/kung_markatta_chiafron_ekotagg.jpg", "filemime": "image/jpeg", "filesize": "177428", "width": "800", "height": "800", "styles": ""}], "sku": "MS111700", "gtin": "7391835918053", "images": [{"id": "355576", "self": "https://cdn1.matsmart.se/sites/se/files/products/kung_markatta_chiafron.jpg", "filemime": "image/jpeg", "filesize": "485307", "width": "800", "height": "800", "styles": {"product_full": "https://cdn1.matsmart.se/sites/se/files/styles/product_full/public/products/kung_markatta_chiafron.jpg?itok=euOPh4pJ", "product_full_2x": "https://cdn1.matsmart.se/sites/se/files/styles/product_full_2x/public/products/kung_markatta_chiafron.jpg?itok=KdtaN2Sp", "product_teaser": "https://cdn1.matsmart.se/sites/se/files/styles/product_teaser/public/products/kung_markatta_chiafron.jpg?itok=L7s189s2", "product_teaser_2x": "https://cdn1.matsmart.se/sites/se/files/styles/product_teaser_2x/public/products/kung_markatta_chiafron.jpg?itok=QmdgJrg4", "product_zoom": "https://cdn1.matsmart.se/sites/se/files/styles/product_zoom/public/products/kung_markatta_chiafron.jpg?itok=Mvayr4eI"}}], "max_purchase": "", "prices": {"comparison_price": "90,91 kr/kg", "price": {"amount": "2500", "currency_code": "SEK", "data": {"components": []}}, "old_price": {"amount": "4900", "currency_code": "SEK", "data": {"components": []}}}, "size": "275g", "status": "1", "stock": 0, "vat_rate": "se_intermediate", "volume": {"length": "7.00000", "width": "4.00000", "height": "15.50000", "unit": "cm"}, "weight": {"weight": "293.00000", "unit": "g"}, "product_category": "20746", "suppliers": [], "seasonal_themes": []}], "published": "0", "status": "0", "sticky": "1", "tags": ["679", "214", "22756"]}, {"id": "362826", "label": "Quinoa Vit", "self": "https://api.matsmart.se/api/v1.0/product-displays/362826", "brand": "7518", "brand_name": "MinElla", "categories": ["14921"], "created": "1587971929", "exclude_from_list": false, "product_info": "Vit quinoa som passar till m\u00e5ngas tallrik som ett alternativ till ris eller i en sallad.", "market": "SE", "products": [{"id": "85426", "label": "Min Quinoa vit 340g", "self": "https://api.matsmart.se/api/v1.0/products/85426", "best_before": "1637276400", "product_contents": [{"id": "357511", "self": "https://cdn4.matsmart.se/sites/se/files/product_contents/minella_vit_quinoa_340g_innehall.jpg", "filemime": "image/jpeg", "filesize": "412970", "width": "800", "height": "800", "styles": ""}], "sku": "MS112169", "gtin": "7340062830386", "images": [{"id": "357506", "self": "https://cdn4.matsmart.se/sites/se/files/products/minella_viot_quinoa_340g.jpg", "filemime": "image/jpeg", "filesize": "296511", "width": "800", "height": "800", "styles": {"product_full": "https://cdn4.matsmart.se/sites/se/files/styles/product_full/public/products/minella_viot_quinoa_340g.jpg?itok=iWB5MMeB", "product_full_2x": "https://cdn4.matsmart.se/sites/se/files/styles/product_full_2x/public/products/minella_viot_quinoa_340g.jpg?itok=40Em1TbA", "product_teaser": "https://cdn4.matsmart.se/sites/se/files/styles/product_teaser/public/products/minella_viot_quinoa_340g.jpg?itok=2FPQR86A", "product_teaser_2x": "https://cdn4.matsmart.se/sites/se/files/styles/product_teaser_2x/public/products/minella_viot_quinoa_340g.jpg?itok=E127Jfz9", "product_zoom": "https://cdn4.matsmart.se/sites/se/files/styles/product_zoom/public/products/minella_viot_quinoa_340g.jpg?itok=ydPnUdUi"}}], "max_purchase": "", "prices": {"comparison_price": "114,71 kr/kg", "price": {"amount": "3900", "currency_code": "SEK", "data": {"components": []}}, "old_price": {"amount": "4900", "currency_code": "SEK", "data": {"components": []}}}, "size": "340g", "status": "1", "stock": 101, "vat_rate": "se_intermediate", "volume": {"length": "20.00000", "width": "15.00000", "height": "5.00000", "unit": "cm"}, "weight": {"weight": "350.00000", "unit": "g"}, "product_category": "20456", "suppliers": [], "seasonal_themes": []}], "published": "1587971929", "status": "1", "sticky": "0", "tags": ["9398"]}]